2759 4159
396 287 854 402 'rnoincounuiz‘
904 359 907 365 ·
1110 310 1132 427 7³⁵
1178 309 1226 349 ”
1284 306 1290 315 ’

145 504 409 575 emendationes
430 522 464 573 et
478 508 753 586 reformationes,
776 510 812 572 in
828 511 892 573 hac
918 510 1046 591 synodi
1065 510 1130 576 bo·

145 615 283 699 tanicae
306 610 472 692 pelatione
496 609 654 695 religiose
682 612 876 675 censervari
901 610 1038 676 debent.
1091 617 1131 678 ln

138 700 252 801 *bisce
270 708 354 781 'vero
371 734 441 777 non
459 734 564 795 coeca
583 711 790 797 obedientia,
814 726 848 777 et
865 698 1012 798 cu'jusvi's
1029 715 1130 777 inno·

137 805 293 904 'sationis
306 817 534 901 prehensione
553 816 633 879 huic
647 815 747 900 'operi
762 812 851 879 bene
865 814 1058 879 'consultum
1076 814 1130 877 to:

143 916 210 983 ret.
237 924 377 983 Cautum
395 922 568 981 tentamen
586 930 620 980 et
638 922 806 982 maturum
828 916 993 1011 judicium
1012 917 1129 1002 requi·

144 1022 245 1096 ritur‚
261 1042 306 1083 ne
323 1022 454 1123 saepius
465 1018 693 1109 pejoribusm
658 1018 802 1085 meliora
816 1018 859 1084 d'e
875 1039 936 1085 suo
954 1016 1033 1083 loco
1047 1018 1130 1083 snb-

143 1126 359 1198 moveantur.
391 1112 612 1199 Quaestus,
638 1134 671 1185 et
689 1129 811 1207 'aperte
827 1120 960 1220 legibus
975 1120 1128 1204 philoso-

140 1227 245 1309 phiae
267 1225 446 1290 botanicae
464 1224 654 1301 conformia
671 1236 768 1305 sunt,
785 1224 856 1287 sive
877 1224 1083 1301 ιιοιιιιιιίιν
1080 1219 1128 1287 ¹ca
1147 1227 1151 1235 '

143 1328 220 1391 sola
241 1327 458 1421 reductionis
459 1326 629 1391 industria
647 1324 812 1411 applicari
827 1338 987 1410 poterunt
1002 1324 1058 1390 vel
1071 1346 1126 1389 re-

142 1431 232 1513 spui.
254 1428 355 1507 Ubi
335 1450 417 1494 vero
433 1420 596 1514 pericula,
617 1427 675 1493 v'el
691 1427 817 1492 dubia
808 1419 987 1493 imminere
1002 1427 1124 1499 viden·

142 1530 285 1607 tnr‚,ad
302 1531 479 1595 societatis
499 1530 581 1615 Re'g.
596 1529 776 1614 botanicae
792 1530 988 1593 'instantiam
1008 1527 1126 1619 adpel*

143 1633 281 1698 labitur.
314 1634 485 1718 Sapientia
506 1646 606 1718 atque
634 1632 788 1697 doctrina
810 1643 860 1694 tot
884 1643 1125 1726 tantorumque

142 1737 296 1799 virorum
321 1735 497 1821 judicium
513 1733 618 1811 leret,
644 1736 672 1799 si
689 1737 768 1810 'non
790 1731 989 1814 infallibile
1000 1746 1125 1799 tamen

143 1837 288 1902 eaedem
305 1836 536 1901 infallibilitati
553 1838 762 1922 proximum,
782 1856 885 1946 quam
897 1841 1064 1921 unquam
1069 1855 1124 1899 ra

144 1940 195 2019 tio
215 1940 363 2004 humana
381 1942 516 2025 assequi
530 1952 695 2025 potest.

228 2040 326 2106 Haec
338 2043 530 2118 inserenda,
553 2044 638 2111 hoec
654 2006 872 2114 reformanda
889 2042 990 2106 tomis
1004 2042 1122 2138 singu·
1174 2077 1181 2097 .

139 2143 268 2209 laribus
301 2143 639 2230 Supplementorum
636 2143 760 2208 forma
785 2143 950 2219 distinctis
973 2118 1121 2229 appare·-

139 2245 235 2309 bunt.
267 2250 428 2311 Poterunt
452 2248 567 2333 itaque
592 2268 655 2331 pro
674 2246 787 2313 lubt'tu
803 2246 858 2311 vel
881 2248 993 2310 rtatim
1016 2246 1122 2308 inseri

141 2359 177 2409 et
191 2350 386 2431 permutari,
397 2348 461 2413 'vel
478 2356 631 2434 separata
646 2348 747 2412 tomis
766 2347 1059 2433 supplementariis
1077 2344 1120 2408 li·
1199 2348 1201 2351 ’

139 2450 213 2533 gari
228 2462 329 2535 atque
347 2452 473 2515 vestiri.
496 2450 561 2513 Ubi
578 2471 703 2537 nempe
715 2452 758 2519 'in
770 2448 994 2540 'bibliothecis
1010 2448 1121 2533 majo‘⁴

142 2549 236 2615 ribus
265 2553 453 2637 specimina
475 2551 574 2639 hujus
602 2553 714 2637 operis
741 2552 977 2637 deponuntur,
1012 2550 1120 2635 magis
1225 2587 1230 2593 ·
1341 2564 1344 2570 '

137 2653 263 2717 idonea
278 2654 413 2718 videtur
429 2656 595 2741 separatio
615 2653 931 2739 supplementorum
945 2652 1063 2717 saltem
1080 2645 1118 2715 in

75 2741 80 2755 ’
112 2768 268 2839 'tantum
285 2758 447 2842 temporis
464 2758 609 2868 spatin‘rn
626 2764 798 2841 protensa,
819 2754 930 2819 donec
944 2758 1028 2819 haec
1044 2757 1120 2841 ipsa
1162 2748 1167 2753 ’
1233 2782 1235 2796 ³
1267 2812 1271 2819 .
1302 2839 1305 2846 Ι

137 2859 266 2923 rariora
282 2858 380 2924 lieri'
370 2860 545 2945 incipient.

222 2958 292 3023 Sub
312 2959 442 3046 duplici
459 2962 557 3026 titulo
580 2940 694 3047 partes
712 2958 812 3045 hujus
837 2962 949 3047 operis
971 2959 1118 3045 proinde
1140 2986 1145 2993 ¹

31 3134 34 3141 ι
138 3082 304 3159 apparere
327 3062 518 3147 debebunt,
541 3064 603 3129 sub
623 3060 682 3128 illo
700 3062 835 3147 synodi
843 3076 876 3127 et
893 3063 954 3126 illo
977 3062 1118 3125 Addita·

136 3154 343 3230 mentorum.
364 3168 431 3241 llos
447 3166 550 3235 etiam
565 3168 601 3229 in
620 3164 793 3251 signandis
812 3164 983 3231 schedulis
1002 3164 1118 3244 singu·
1188 3248 1190 3253 ,

137 3264 264 3331 laribus
277 3267 433 3333 'literis‘S
451 3282 484 3333 et
500 3269 528 3331 A
547 3268 754 3353 distinguere
774 3281 918 3353 oportet.
948 3257 1042 3331 Folia
1056 3284 1116 3327 cu·-

22 3366 25 3371 ’
137 3366 240 3450 jnsvis
258 3372 353 3436 'tomi
382 3370 648 3435 ad'recentioris
677 3370 932 3435 consuetudinis
959 3386 1115 3430 normam
1213 3372 1217 3379 ’
