2759 4159
1059 341 1104 420 51,
1196 369 1198 372 ·

122 500 211 565 folia·
231 519 356 565 carnea
374 514 442 567 suo¹
461 504 661 565 charactere·
675 501 884 577 alienantnr3
906 502 992 570 forte
1019 505 1102 571 olim
1193 524 1196 536 ¹

122 602 245 669 omnes
261 607 360 669 flores
377 604 471 689 pleni
486 606 753 669 monstrositates
770 626 835 667 nec
853 607 1030 670 varietates
1048 608 1100 672 ‹li-

124 720 256 782 centur,
280 728 362 771 cum
380 708 590 791 experientia
607 708 768 791 magistra
789 706 908 770 eadem
928 708 1110 784 individua,

125 807 169 871 ab
193 810 291 873 initio
313 808 416 893 plena
435 830 535 893 saepe
553 810 588 871 in
617 797 739 873 statum
760 808 983 893 simplicitatis
1002 810 1102 873 rede-

125 925 193 987 ant,
228 924 263 975 et
284 910 461 987 individua
489 910 718 995 simpliciflora
746 915 844 979 flores
871 910 1010 978 tandem
1028 912 1102 997 ple-

122 1034 186 1077 nos
203 1016 399 1099 acquirant,
422 1034 488 1091 res,
512 1034 598 1097 quae
623 1014 692 1098 jam
712 1015 899 1077 innumeris
912 1014 1044 1078 vicibus
1068 1016 1109 1089 in,
1144 1011 1147 1018 '
1196 1026 1210 1045 ’

127 1118 333 1180 Cheirantho
353 1116 475 1191 Cheiri,
498 1117 643 1178 Diantho
658 1116 887 1201 c‘aryophyllo,
909 1117 1004 1180 Viola
1018 1118 1110 1180 odo-.

126 1232 208 1293 rata,
231 1218 419 1299 Hyacinthe
441 1217 607 1294 orientali,
631 1220 777 1281 Paeonia
798 1218 968 1295 olficinali,
991 1220 1108 1285 Hibis-i

126 1342 167 1384 co
186 1323 277 1386 Rosa
294 1320 421 1383 sinensi
444 1334 476 1384 et
495 1321 530 1383 in
554 1321 628 1405 ipsa
645 1322 736 1385 Rosa
754 1320 926 1389 centifolia
942 1320 1108 1387 observa.

126 1436 163 1485 ta
181 1422 254 1485 fuit.
1048 1444 1051 1446 ’

211 1528 288 1601 Quo
304 1525 415 1601 citius,
437 1540 508 1610 quo
527 1526 651 1589 certius
669 1526 815 1590 lacunae
833 1526 1045 1611 expleantur,
1070 1540 1107 1602 et·

130 1628 246 1691 omnia
264 1648 305 1691 ea
322 1641 550 1711 praestentur,
575 1649 664 1712 quae
682 1628 876 1713 usquedum
900 1628 1104 1703 industriam
1123 1671 1125 1678 -

130 1729 386 1794 observatorum
403 1729 606 1807 fefellerunt,
629 1731 684 1795 vel
703 1752 761 1807 ea,
784 1728 1005 1814 quaesaltem
1026 1745 1112 1798 me.-'

127 1850 162 1895 as
192 1831 468 1915 investigationes
498 1846 695 1911 evaserunt,
725 1834 839 1896 omnia
868 1854 948 1903 mea
977 1830 1104 1909 dubia,

130 1934 347 2019 quaestiones
363 1948 396 1997 et
408 1933 576 2001 desideria
593 1936 628 2002 in
645 1949 865 2020 conspectum
881 1934 1104 2018 recolligam

128 2058 263 2121 sparsae
285 2037 429 2101 enimet
452 2037 795 2103 commentationibus
815 2032 1030 2102 intermixtae
1049 2037 1103 2103 faa
1200 2103 1208 2115 x

129 2137 254 2203 cillime
277 2137 450 2204 oblivione
469 2139 696 2209 retardanturt
720 2144 804 2204 Sunt
819 2152 932 2203 autem
953 2160 1100 2223 sequen-

127 2252 195 2303 tes:
253 2290 257 2313 ,
480 2246 481 2249 ’

210 2346 349 2408 Fructus
368 2344 451 2409 milri
471 2346 605 2430 ignotus
619 2347 784 2430 perstitit,
806 2361 871 2409 nec
890 2357 1005 2414 tamen
1025 2341 1104 2414 nula

127 2444 192 2509 lius
216 2449 382 2511 momenti
399 2466 483 2515 ‚esse
516 2447 650 2515 videtur
673 2450 716 2513 de
742 2451 832 2512 Rosa
861 2442 1102 2520 berberilolia,

129 2535 308 2633 aciphylla,
324 2548 550 2640 bibracteata,
573 2551 737 2628 Woodsii,
760 2547 953 2629 brevistyla,
980 2546 1104 2621 caesia,
1181 2562 1184 2567 ·
1248 2506 1252 2515 Ι

122 2650 294 2733 calycina,
319 2650 544 2737 clynophylla,
570 2653 782 2735 corymbosa,
806 2651 963 2725 Cretica,
977 2649 1103 2713 Donia-

127 2774 183 2831 na,
202 2757 451 2831 Montezumae,
469 2755 651 2838 geminata,
668 2741 797 2838 gracili,
814 2752 1005 2835 Hibernica,
1026 2750 1103 2814 Ibe-1

130 2856 210 2931 rloa,
234 2853 396 2933 involuta,
419 2856 596 2940 fastigiata,
616 2858 765 2950 Pouziui,
789 2854 894 2929 molli,
911 2854 1125 2931 multiflora,

130 2978 308 3034 muscosa,
329 2960 576 3041 myriaoantha,
599 2960 717 3035 nivea,
739 2958 847 3034 nuda,
872 2957 1105 3031 orbessanea,
1153 2996 1157 3001 -

129 3061 320 3145 parviflora,
343 3062 572 3139 Ehrhartiana,
594 3062 800 3146 pomponia,-
821 3059 1011 3144 pulchella,
1034 3063 1103 3123 Ros·

131 3162 373 3246 senbergiana,
396 3162 599 3247 rubrispina,
620 3165 786 3248 setigera,
809 3163 1029 3244 suaveolenti,
1051 3173 1102 3238 te-.

133 3263 335 3341 rebinthina,
360 3264 539 3347 sylvatica,
562 3266 694 3342 humili,
718 3257 882 3351 elliptica,
900 3277 1014 3348 casta,
1039 3265 1103 3324 Cae
1203 3324 1207 3331 .

133 3365 251 3431 rolina.
285 3366 443 3445 -Qutlibet
468 3366 566 3433 laeile
591 3372 793 3455 perspiciet,
814 3388 1010 3459 ,sermonem
1035 3363 1104 3462 hoq
