2759 4159
154 436 159 453 r
257 409 275 455 2
536 383 946 453 rltoLEGoMuun.

143 2257 144 2263 Ν
254 2209 390 2283 guntur.

256 577 330 641 tur,
352 576 386 628 et
407 559 527 649 gradui
549 536 769 661 perfectionis
786 559 1102 644 'appropinguttnn
1125 579 1238 643 quem

254 686 406 751 unquam
428 683 513 750 opus
531 665 718 725 humanum
736 663 869 745 assequi
894 674 1014 745 potest.
1046 665 1119 725 Non
1140 664 1240 725 enim

254 780 293 833 ut
314 766 413 831 labor
437 766 536 829 unius
561 763 622 829 sed
647 775 685 827 ut
707 762 887 848 productio
914 765 1098 829 industriae
1117 766 1240 828 unitae
1290 833 1296 845 ,
1378 745 1379 752 ¹

205 916 207 926 .
256 867 618 945 Botanioorumomnis
638 878 805 950 terrerum
825 865 928 942 orbis,
948 869 1126 957 omnisque
1144 868 1238 943 aevi,

258 984 293 1036 et
310 969 416 1042 veluti
433 959 607 1035 conmuni
626 986 793 1033 consensu
811 967 1140 1033 stabilita‘sententia
1154 990 1238 1031 eru-

254 1073 392 1137 ditionis
409 1066 594 1156 'perpetuae
614 1070 741 1151 synodi
758 1068 1006 1135 consideranda
1034 1085 1093 1136 est.
1125 1070 1237 1148 Quid-

244 1195 390 1260 cunque
409 1172 515 1237 serius
532 1172 710 1257 detegetur
726 1173 783 1239 vel
805 1172 1057 1250 observabitur,
1087 1173 1237 1237 schedu-

173 1334 176 1345 .
252 1278 294 1342 lis
317 1273 544 1361 singularibus
566 1276 786 1360 impressum,
812 1267 903 1340 facili
921 1275 1060 1359 negotio
1079 1277 1115 1338 in
1133 1297 1235 1339 sunm

253 1391 371 1465 locum
397 1377 519 1463 reponi
542 1377 667 1462 poterit
675 1404 684 1455 3
716 1379 744 1441 si
770 1400 897 1463 genera
923 1377 1151 1442 dilacerentur
1176 1377 1236 1440 vel

258 1468 503 1555 coadunentur,
525 1477 581 1544 vel
598 1472 627 1541 si
642 1478 686 1541 ed
703 1478 955 1544 Observationes
975 1482 1081 1544 serius
1098 1470 1234 1543 instita-³⁶

256 1597 307 1649 tas
327 1581 458 1667 species
478 1576 645 1667 quaedam
666 1603 711 1645 ex
726 1596 797 1663 uno
815 1602 940 1667 genere
953 1584 994 1656 ,in
1013 1582 1105 1646 aliud
1124 1594 1234 1644 trans*

255 1674 337 1754 lorri
353 1682 518 1763 debeant,
537 1680 593 1748 rel
611 1680 761 1760 tandem,
780 1686 809 1748 si
828 1685 959 1770 sp'eoies
978 1677 1145 1769 quaedam
1167 1701 1232 1766 pro

252 1784 469 1853 varietatibus
488 1784 739 1865 velflvorietates
755 1806 817 1871 pro
835 1787 1013 1871 speciebus
1031 1788 1162 1871 agnitae
1172 1786 1233 1868 in⁴

176 1914 183 1925 ·
252 1888 459 1974 telligantur',
479 1888 653 1972 integritas
670 1890 783 1972 operis
799 1888 893 1953 nullo
911 1889 1013 1953 modo
1034 1887 1230 1962 offenditur,

253 1991 313 2056 sed
329 1988 499 2057 schedulis
519 1989 721 2078 quibusdam
739 1991 1081 2076 correspondentibus
1092 2000 1232 2074 permu-
1308 2032 1313 2043 «

252 2094 343 2171 totis,
366 2083 481 2156 dmnia
494 2092 529 2156 in
549 2091 706 2157 ordinem
725 2107 757 2157 et
775 2106 898 2158 statum
916 2093 1124 2179 completum
1138 2087 1231 2157 redi·

336 2301 379 2375 Ut
403 2310 517 2362 autem
540 2300 606 2362 hoc
625 2300 698 2363 fieri
720 2301 842 2383 possit,
866 2280 993 2363 debent
1010 2298 1230 2362 fundamenta

251 2400 378 2478 locari5
391 2412 429 2464 ut
445 2400 489 2464 ud
503 2402 605 2465 finem
614 2401 960 2485 perveniatur‚,debet
978 2402 1110 2463 initium
1129 2388 1226 2463 sumi.

253 2507 314 2568 Pro
331 2502 392 2567 tali
409 2502 548 2568 fortasse
568 2502 745 2585 sufficeret,
762 2526 889 2589 genera
907 2504 1087 2591 etspecies
1102 2501 1228 2565 aWill-

253 2596 409 2670 denowio
428 2598 484 2671 'vel
503 2598 671 2671 Persoouo
691 2606 853 2670 stabilitas
872 2607 907 2668 in
924 2605 1101 2670 schedulas
1117 2597 1226 2668 trans*—

253 2705 422 2784 soribere3
446 2710 571 2773 etenim
591 2708 632 2772 de
653 2729 743 2771 anno
763 2709 807 2772 ad
826 2718 950 2772 annum
972 2707 1225 2770 emendationes

253 2811 354 2891 atque
371 2798 570 2879 insertiones
587 2806 690 2897 adjici
705 2825 853 2896 possent.
877 2809 945 2873 Sed
958 2811 1036 2894 'quis
1052 2808 1155 2874 vellet
1172 2829 1226 2871 es-

253 2928 288 2975 te
307 2920 377 2973 tam
396 2911 593 2977 commodus
604 2917 683 2977 oum
704 2913 828 2978 damno
846 2898 1224 2997 contemporaneorum?

251 3014 379 3077 llorum
399 3002 490 3075 enim
508 3012 651 3078 multum
668 3017 817 3092 interest,
831 3028 868 3077 ut
884 3034 984 3099 quam
1002 3015 1149 3099 primum
1164 3014 1224 3075 lie-

251 3114 281 3177 ri
298 3124 420 3199 potest,
435 3114 470 3175 in
488 3116 733 3180 usumfructum
750 3117 931 3181 novissime
950 3115 1223 3179 elucubratorum

251 3216 475 3282 instituantur.
508 3220 623 3301 Itaque
650 3219 734 3281 mihi
760 3218 908 3282 officium
932 3219 1095 3302 imposui,
1120 3203 1222 3280 etiam

251 3319 336 3385 haec
355 3320 428 3407 ipsa
446 3339 523 3381 mea
541 3319 636 3381 initia
653 3332 783 3385 tantum
803 3320 984 3387 excolendi
1003 3334 1104 3404 at'que
1121 3319 1222 3403 perfi‘-

252 3420 375 3503 ciendi,
400 3422 666 3510 quantumvires
687 3436 721 3487 et
739 3423 848 3490 fontes
867 3421 1139 3512 suppeditabunt.
1188 3430 1192 3437 '
