2759 4159
965 435 971 447 .
1086 390 1189 466 45-

414 508 892 625 vrnrnrirns

153 666 193 727 lt.
225 659 406 726 biferae
430 659 572 725 eccll.
606 662 780 749 Thtoryo
804 663 1127 754 consignatae:

156 798 277 863 Adnot.
309 803 348 863 R.
362 798 485 874 bifera,
507 801 727 875 Damascena,
751 799 890 877 Gallica,
906 819 1071 863 ‘muscosa
1094 812 1127 861 et

197 901 370 966 centifolia
393 914 470 965 sunt
490 900 554 965 sibi
572 899 657 963 adeo
676 900 810 978 affines,
831 915 888 980 ut,
911 904 940 966 si
960 901 1033 965 illas
1051 901 1126 986 jure

197 990 356 1088 specifico
381 1004 557 1081 donamus,
580 1026 649 1067 non
673 1007 749 1082 sine
766 1006 942 1093 iniquitate
962 1002 1019 1068 vel
1034 1024 1128 1066 con·

173 1095 177 1103 ’
196 1106 399 1171 tradictione
413 1107 581 1191 possimus
593 1110 630 1171 ll.
645 1109 808 1183 arvinam,
825 1103 1033 1190 synancem,
1044 1125 1129 1191 pyg-

198 1229 343 1285 maeum,
365 1208 606 1286 fluescentem,
630 1209 794 1274 humilem
813 1223 912 1293 atque
929 1210 1129 1275 austriacam

104 1378 107 1386 ,
196 1330 368 1395 respuere.
404 1314 492 1388 Hoc,
515 1331 620 1395 rogo,
643 1310 749 1375 velint
771 1312 916 1375 lectores
942 1312 1128 1375 memoriae

200 1412 458 1477 commendare!
476 1416 549 1477 Non
563 1414 659 1498 potui
672 1412 728 1478 vel
737 1433 808 1477 non
823 1435 921 1478 ausus
938 1435 1012 1479 sum
1028 1412 1145 1479 abr0-.
1188 1448 1192 1452 -

200 1536 283 1598 gare
309 1512 441 1601 species
470 1518 621 1601 quinque
647 1516 690 1580 ab
710 1517 807 1579 initio
836 1529 1130 1581 commemoratas.

196 1617 244 1681 lle
261 1618 375 1702 itaque
388 1618 611 1702 inaequalitas
629 1624 662 1681 e't
679 1639 724 1682 ex
734 1621 797 1682 hac
812 1617 1024 1703 perturbatio
1041 1620 1131 1681 oria·

195 1732 262 1796 tur,
286 1718 389 1783 debui
407 1722 537 1805 species
557 1721 601 1783 ad
625 1720 778 1811 aequalia
793 1723 962 1806 principia
978 1741 1128 1785 assume·
1204 1752 1208 1761 ·

196 1840 253 1915 re..
268 1814 313 1885 ad
328 1839 473 1907 quorum
487 1839 642 1894 normam
656 1822 787 1908 priores
804 1823 882 1887 illae
899 1836 1040 1887 statutae
1057 1824 1132 1888 lue·

18 2000 28 2011 ..
197 1926 296 1986 runt!
318 1924 354 1987 Si
377 1924 514 1989 tandem
542 1926 720 1990 varietates
742 1938 775 1989 et
793 1925 1033 1991 subvarietates
1055 1925 1132 1988 tali-

133 2074 145 2085 .
202 2045 262 2089 um
278 2026 469 2110 specierum
493 2027 528 2090 in
545 2026 650 2091 hortis
669 2027 837 2104 coluntur,
859 2030 994 2113 penitus
1014 2029 1134 2091 contra

201 2126 425 2193 voluntatem
436 2130 547 2194 coacti
566 2151 699 2208 sumus,
723 2129 860 2194 easdem
878 2132 914 2195 in
932 2151 1037 2209 censu
1054 2150 1131 2213 spe·
1241 2126 1245 2130 ’

200 2229 330 2294 cierum
355 2248 565 2309 enumerare,
588 2232 654 2308 vel,
673 2234 786 2318 potius
805 2232 973 2311 dicendo,
994 2231 1130 2295 illarum

199 2332 448 2399 restrictionem
463 2332 649 2418 posteritati
668 2354 853 2401 reservare.
871 2337 907 2399 T.
1042 2347 1048 2354 ‘
1201 2328 1228 2353 ⁸

1 2421 31 2501 ΞΤ
67 2510 74 2519 ,
156 2434 191 2521 a)
213 2435 380 2521 vulgaris:
397 2431 535 2501 floribus
551 2436 761 2519 corymbosis
776 2438 909 2502 strictis.
933 2438 1017 2501 Cum
1032 2431 1130 2517 plan-

1 2536 64 2625 ''³:-
198 2551 234 2601 ta
259 2538 421 2603 normalis
446 2538 598 2603 nondum
625 2539 804 2605 observata
830 2536 1016 2611 habeatur,
1045 2536 1129 2597 haec

1 2629 46 2726 '⁶:ss
101 2722 104 2729 Ι
163 2656 173 2685 ³
198 2634 276 2705 loco
294 2639 384 2706 illius
404 2642 438 2704 in
457 2636 560 2727 opere
580 2640 750 2728 descripta
767 2642 840 2706 luit.
862 2663 894 2705 v.
912 2642 951 2703 R.
967 2637 1086 2727 bilera.

4 2732 13 2791 Ϊ
42 2728 52 2813 Ῐ,
160 2742 192 2825 ρ)
216 2742 311 2805 alba:
333 2766 365 2807 v.
383 2742 597 2827 singulariter
613 2743 815 2807 distinctam.

150 2848 195 2930 ¹02)
219 2843 414 2909 officinalis:
437 2868 468 2909 v.
488 2844 608 2930 singul.
632 2842 835 2909 distinctam.

2 2946 3 2949 ¹
26 2936 65 3027 ’,ἶ
158 2951 185 3033 t)
209 2948 377 3013 aurantiai
402 2946 514 3010 diflert
528 2950 552 3011 'a
572 2951 611 3012 R.
628 2944 686 3011 bil.
705 2945 837 3032 vulgari
862 2946 999 3011 floribus
1021 2945 1128 3031 majo-

52 3028 71 3134 s
199 3051 315 3126 ribus,
342 3047 531 3133 petalisque
562 3072 579 3113 e
606 3070 706 3114 roseo
735 3063 768 3113 et
794 3049 915 3113 citrino
939 3043 1050 3114 uariis.
1090 3051 1127 3108 ln

64 3140 93 3237 ’ῃ
199 3154 297 3215 horto
329 3152 423 3235 regio
455 3149 721 3237 Luciburgensi‚
762 3151 823 3215 ubi
853 3148 1001 3237 primum
1030 3159 1127 3211 enata

200 3250 283 3329 fuit,
306 3252 495 3343 appellatur
511 3255 598 3343 Rose
619 3254 835 3320 Semonville.

241 3355 299 3419 llis
321 3354 479 3419 addenda
499 3354 537 3419 R.
558 3356 667 3421 bilera
686 3355 851 3435 Lelieuri,
883 3369 983 3441 ‘quam
1006 3374 1037 3418 v.
1058 3348 1127 3432 sin-

161 3456 319 3541 gulariter
334 3456 536 3522 distinctam.
969 3447 972 3451 Α
