2759 4159
411 674 858 767 vrnrerrras

143 835 183 902 R.
205 817 474 923 pomponiae
498 833 598 900 cell.
622 836 769 915 Thory
799 831 916 918 apud
943 800 1115 897 Redon-
1155 821 1176 858 ⁵

143 971 265 1021 teum
302 957 347 1018 in
375 958 471 1019 Ros.
501 958 536 1017 Τ.
569 958 609 1018 11.
638 976 672 1039 p.
700 953 752 1039 57.
782 965 1020 1015 enumerat
1054 976 1116 1017 se-

527 1087 738 1158 quantes:

98 1301 102 1306 ·
143 1264 172 1346 α)
197 1265 278 1324 flore
296 1258 517 1343 subsimplioi:
551 1263 635 1323 Cum
658 1256 774 1342 planta
789 1258 949 1321 normalis
964 1257 1119 1321 nondum

188 1362 368 1426 observata
391 1362 453 1438 sit,
477 1361 575 1445 hujus
601 1361 679 1423 loco
701 1373 915 1443 praesentem
939 1374 976 1423 ut
1000 1361 1119 1445 proxi-

187 1487 277 1529 mam
296 1464 512 1535 considerare
533 1476 676 1548 oportet.
695 1465 731 1525 V.
748 1464 787 1526 R.
808 1465 1004 1548 pomponia.
1123 1452 1128 1467 ’

146 1569 178 1650 β)
202 1566 455 1651 Burgundiaoa:
485 1566 622 1630 floribus
653 1564 786 1650 parvis,
817 1565 926 1649 plenis
951 1566 1057 1629 roseis
1079 1567 1118 1628 R.

187 1668 380 1733 centifoliae
410 1689 505 1732 more
529 1668 730 1733 convolutis.
770 1671 860 1731 liaeo
883 1669 1044 1742 varietas,
1076 1666 1119 1729 do

190 1773 312 1835 cereris
331 1770 481 1835 maxime
502 1770 683 1855 divulgata,
705 1757 794 1833 bene
815 1769 1052 1853 distinguenda
1070 1782 1121 1861 est

187 1896 206 1937 a
225 1877 264 1937 R.
284 1874 522 1958 Burgundiaoa
535 1876 643 1949 Ross„
668 1874 803 1957 quaeR.
819 1872 1120 1957 parviioliaEhrh.‚
1191 1896 1195 1904 ’

186 1975 286 2044 nobis
307 1978 347 2039 R.
364 1976 584 2048 Ehrhartiana
599 1989 661 2038 est.
1043 2030 1051 2044 .

149 2079 177 2161 γ)
200 2076 350 2141 bicolor:
371 2076 487 2141 Flores
511 2078 654 2154 minimi,
681 2077 787 2162 pleni,
816 2076 1000 2152 convoluti,
1023 2090 1119 2161 peta-

186 2178 228 2242 lis
249 2178 476 2243 exterioribus
494 2178 565 2242 iere
584 2177 679 2255 albis,
697 2180 901 2244 centralibus
920 2180 1036 2242 roseis.

146 2282 179 2364 δ)
202 2282 391 2365 variegata:
415 2265 552 2345 flo'ribus
570 2280 648 2369 albo
669 2295 703 2344 et
715 2302 814 2346 roseo
832 2281 1021 2365 variegatis.

145 2384 177 2467 a)
201 2383 361 2447 ioliaoea:
385 2383 594 2472 germinibus
612 2383 787 2469 (urceolis)
811 2383 1018 2467 subglabris‚
1035 2380 1120 2443 laci-

183 2486 249 2550 niis'
271 2485 433 2568 oalyoinis
461 2485 623 2550 ioliaoeis.
656 2490 782 2550 Frutex
805 2485 976 2571 prioribus
1001 2482 1118 2562 altior,

186 2580 319 2671 ingenii
338 2591 459 2653 florum
477 2607 621 2652 numero
638 2601 671 2651 et
689 2587 813 2669 calycis
829 2588 960 2651 laciniis
979 2586 1119 2650 distinc-

116 2681 118 2696 '
184 2690 345 2759 tissimus.
375 2688 501 2775 Vulgo:
531 2694 682 2775 Pompon
710 2690 870 2772 mignon‚
892 2694 954 2753 'seu
976 2691 1119 2773 Mignon

185 2793 390 2856 charmante.

146 2895 180 2980 ζ)
202 2896 404 2961 Remensis:
430 2899 579 2982 (ceterae
592 2892 710 2957 literae
729 2893 952 2959 intermediae
966 2893 988 2958 l.
1008 2916 1037 2959 o.
1057 2895 1119 2959 de·
1151 2931 1156 2937 κ

84 2998 86 3005 ’
184 2996 328 3082 ficiunt).
350 3000 439 3061 Haeo
456 3004 573 3083 nostra
589 3000 627 3060 R.
645 2990 864 3061 Ehrhdrtiana
881 3012 941 3061 est.

230 3100 383 3165 Tandem
402 3100 651 3186 praetereundo
670 3098 746 3163 eell.
761 3102 871 3181 Thory
888 3100 909 3164 l.
928 3122 957 3165 o.
972 3102 1118 3165 mentio·
1192 3108 1197 3120 ’

145 3219 224 3263 nem
251 3200 332 3265 iacit
352 3204 391 3266 R.
418 3202 581 3285 hybridae
608 3202 650 3269 de
676 3205 715 3266 R.
744 3202 821 3267 alba
849 3217 882 3267 et
908 3206 946 3267 R.
977 3201 1117 3276 Gallica,

144 3323 231 3387 quae
257 3305 294 3369 in
321 3304 429 3368 Gallia
455 3305 516 3370 sub
536 3306 674 3369 nomine
696 3310 846 3391 Pompon
869 3304 970 3368 blanc
999 3304 1118 3368 diven-

60 3402 63 3411 ’
145 3404 243 3473 ditur.
265 3403 380 3477 riores
396 3409 514 3493 utique
531 3408 676 3495 majores
695 3431 796 3494 quam
821 3409 857 3471 in
875 3411 914 3471 R.
932 3409 1120 3493 pomponia
1162 3439 1165 3446 ·

854 3509 922 3594 (Ψ)
