2759 4159
1021 316 1119 415 'xlx
1173 434 1183 448 ἱ

136 491 244 610 legis
268 474 474 583 sanctione
490 500 735 613 publicetur,
763 517 807 579 ut
822 500 958 610 potius
974 506 1126 586 contra»
1248 510 1256 523 '

140 642 365 745 dictionum
392 638 513 721 turba.
540 664 694 719 omnem
728 636 1003 718 certitudinem
1039 644 1146 723 sub»¹

129 796 311 860 'vertere
331 778 547 859 minitetur.
569 778 648 887 Qui
664 776 769 855 enim
783 776 826 853 in
843 780 1125 888 restringendie

112 984 114 987 ,
138 914 358 1025 speciebus
370 924 566 997 Boeotum
592 916 763 993 maxime
781 916 915 994 severi
933 933 1040 1016 sunt,
1059 946 1125 999 ves

140 1052 222 1131 luti
229 1055 453 1150 Devea'ux,
467 1049 822 1156 Lindley,Thory,
838 1052 909 1130 &c
929 1052 1128 1137 nihilomi-

42 1250 47 1261 .
137 1217 217 1271 nus
234 1194 395 1302 species
412 1170 639 1286 admittunt,
667 1213 766 1291 quae
784 1190 905 1269 nullis
919 1194 1030 1273 votis
1045 1196 1128 1275 illis

140 1332 319 1425 Besseri,
347 1326 541 1425 Tauschii
569 1330 652 1435 nel¹
667 1325 944 1421 Willdenowii
968 1332 1131 1439 praeha-

9 1524 12 1543 .
86 1566 92 1574 .
144 1464 234 1545 beri
253 1484 462 1570 merentur.
481 1468 552 1562 Et,
575 1466 611 1545 si
633 1466 719 1569 quis
739 1466 867 1544 vellet
887 1471 1128 1577 operamim.

9 1588 15 1887 l

145 1602 322 1713 pendere
348 1604 390 1680 in
407 1601 690 1713 comparandos
709 1619 905 1700 auctores,
922 1631 955 1686 e.
965 1633 1019 1711 gr.
1035 1615 1133 1685 Rau·

143 1768 244 1837 um,
272 1740 623 1843 Biebersteinium,
658 1734 889 1837 Aitonium,
926 1736 1129 1841 Linlrium,

147 1886 377 1981 Hayneum,
406 1876 702 1973 Wallrothium,
729 1882 1015 1988 Sprengelium,
1030 1901 1131 1964 cete·
1223 1870 1238 1887 ⁵

146 2039 308 2119 rosque,
337 2015 503 2094 horrore
529 2041 741 2127 percussus
767 2016 1033 2126 intelligeret,
1059 2024 1133 2103 vix
1210 2054 1216 2065 ·

147 2152 410 2259 quadraginta
437 2151 723 2231 dari'Rosarum
737 2156 907 2262 species,
924 2180 1024 2261 quae
1038 2186 1133 2237 una-

9 2262 11 2309 *
64 2308 72 2321 ·
148 2291 313 2371 nimiter
335 2318 381 2372 ac
403 2290 489 2371 sine
509 2296 591 2371 ulla
611 2290 1036 2373 sensusdeclinatione
1059 2319 1133 2401 pro
1171 2394 1174 2402 ,

56 2488 58 2493 .
150 2426 302 2509 talibus
320 2445 528 2537 susceptae
546 2427 717 2508 fuerunt.
735 2432 891 2508 Interea
905 2432 1135 2539 ipsaellosa

9 2624 37 2671 ¹.
149 2566 378 2663 centifolia,
405 2542 622 2661 moscbata,
649 2567 895 2671 Eglanteria,
924 2564 1134 2675 sulphurea

148 2723 191 2785 et
210 2704 297 2792 sim,
320 2734 353 2785 a.
372 2728 453 2783 non
474 2704 603 2783 minus
620 2705 823 2815 anomalae
844 2719 934 2781 sunt
959 2731 1071 2809 quam
1091 2716 1132 2784 P..

149 2842 399 2951 rubiginosa,
427 2842 589 2939 villosa,
616 2830 771 2935 canina,
798 2839 951 2941 indica,
974 2844 1133 2951 gallica,

147 2976 296 3089 alpina
306 2978 378 3068 cicc.
1124 2961 1130 2969 ⁴

156 3162 159 3165 ·
253 3122 311 3199 Ut
328 3119 439 3200 hisce
457 3118 665 3202 discordiis
686 3134 728 3197 et
758 3115 1135 3197 contradictionibus

31 3242 36 3249 ⁵
152 3254 304 3335 limites
327 3249 583 3393 ponerentur,
611 3261 758 3339 summe
782 3256 1047 3337 necessarium
1075 3253 1134 3330 vi-

93 3389 336 3499 debatur,
355 3397 511 3507 species
528 3398 751 3505 usquedum
760 3396 954 3479 indicatae
966 3392 1133 3495 aequali,
