2759 4159
292 324 317 389 -’
358 399 363 409 .
445 357 863 425 ruotroonrrns
1125 391 1148 455 9

101 570 108 583 ·
155 534 211 597 las
232 533 275 622 59
294 545 329 595 et
348 530 390 608 45
407 531 721 614 tomivxmisynodi
739 534 1049 614 inserendarum,
1070 560 1099 601 e.
1119 561 1144 603 s.

154 658 193 720 p.
217 636 264 700 Ne
291 634 374 700 olim
400 634 542 710 dubium
565 636 656 699 circa
676 633 855 702 schedulas
881 637 1011 704 deletas
1033 642 1147 705 enasci

51 764 58 777 ·
157 739 285 823 possit,
298 739 439 822 optime
466 737 636 803 cavebunt
653 753 887 824 possessores·‚'
914 743 943 805 si
962 741 1146 809 schedulae

156 860 286 906 vacuae
312 840 474 925 singulari
493 839 652 925 adjectae
681 842 829 927 cujusvis
855 844 960 920 tomi,
985 864 1146 909 numeros
1257 905 1260 910 .

154 943 262 1007 hosce
291 942 420 1019 deletos
451 943 645 1008 adscribere
671 943 779 1008 relint
797 966 878 1011 cum
901 945 1140 1030 indigitatione

157 1047 246 1109 tomi
275 1045 613 1123 Additamentorom‚
642 1048 677 1109 in
703 1065 771 1131 quo
795 1048 880 1111 baec
903 1047 1031 1113 deletio
1047 1048 1144 1135 jussa

154 1146 273 1211 luerit.

245 1251 434 1316 Materialie
460 1251 586 1317 adhoc
607 1256 693 1337 op‘us
709 1251 957 1337 perficiendum
976 1254 1146 1339 ,suppedi-

152 1364 231 1415 tant
247 1356 476 1419 munificentia
494 1353 644 1440 publica,
663 1353 878 1419 bibliotheca⁴
891 1355 1040 1440 propriu,
1065 1358 1145 1420 ber·
1222 1351 1228 1370 '

154 1450 253 1518 baria
280 1455 313 1518 et
330 1458 420 1521 horti
439 1458 646 1533 amicornm,
670 1471 705 1521 et
729 1457 868 1521 tandem
889 1456 1146 1523 observationes

156 1558 289 1641 perita
309 1564 418 1623 annos
444 1582 464 1623 a
486 1582 541 1625 me
565 1561 601 1623 in
624 1559 734 1625 libera
753 1572 874 1624 natura
892 1560 1074 1623 institutae.
1105 1564 1144 1625 ln

155 1658 309 1725 loturum
327 1680 398 1724 non
413 1662 553 1739 dubito,
574 1662 665 1748 quin
682 1662 825 1747 hujusce
850 1660 1050 1725 eruditionis
1070 1660 1144 1726 lau.

154 1774 249 1825 tores
266 1783 361 1827 meos
381 1763 517 1829 labores
534 1763 827 1829 communicandis
847 1763 1141 1829 observationibus
1225 1825 1230 1831 .

153 1862 355 1948 velplsntis
378 1868 512 1931 siccatis
535 1864 643 1932 multo
661 1868 788 1952 largius
810 1864 1039 1953 adjuvabunt,
1062 1887 1141 1931 curn
1237 1903 1240 1910 ,

152 1967 215 2029 vix
239 1966 305 2029 alin
327 1969 467 2032 ratione.
481 1970 643 2033 certiores
668 1969 798 2033 fructus
817 1978 897 2034 stiae
923 1968 1141 2039 humanitatis

152 2080 256 2153 atque
281 2069 466 2135 industriae
487 2086 708 2156 exspectare,
730 2085 765 2135 et
783 2072 983 2137 meritorum
1002 2091 1142 2135 snorum

152 2184 274 2234 contra
294 2188 412 2238 omnes
428 2176 593 2260 temporis
615 2176 756 2261 injurias
776 2175 886 2260 magis
909 2189 1066 2243 securam
1084 2184 1139 2234 tu«
1240 2183 1243 2198 ¹

152 2271 256 2336 telam
282 2274 518 2361 majoremque
550 2298 613 2363 per
640 2286 761 2341 omnes
785 2291 904 2363 gentes
932 2273 1138 2357 divulgatio·

25 2395 58 2477 κ.
153 2394 235 2437 nem
252 2374 446 2443 desiderare
463 2378 575 2443 liceat.
606 2380 696 2458 Quid
714 2394 828 2445 autem
846 2401 924 2444 curn
947 2374 1139 2463 praesepti·

151 2474 219 2539 bus
235 2480 318 2543 meis
339 2481 474 2545 auxiliis
492 2495 665 2566 praestare
681 2483 827 2557 valeam,
845 2480 1000 2567 judicent
1015 2480 1140 2541 Lectos
1221 2488 1224 2493 ’

20 2578 55 2625 ·’·
151 2600 207 2641 res
225 2600 243 2640 a
258 2584 560 2669 praesentiprirno
580 2584 699 2650 labore
718 2586 755 2649 in
770 2583 978 2668 posteriores
997 2579 1139 2652 conclus

63 2680 68 2693 ’
150 2680 282 2745 dendo!
317 2677 407 2748 Sane
424 2706 596 2771 perpauca
619 2687 717 2764 sunt,
740 2684 932 2771 quaemihi
951 2681 1062 2746 aliena
1081 2705 1138 2747 us*

90 2766 98 2785 ⁸
150 2783 304 2867 quedum
328 2790 570 2870 praestiterunt
595 2789 800 2882 juvamine
834 2786 930 2852 Paria
954 2784 1137 2870 praestabo

65 2878 69 2897 '
150 2884 280 2970 absque
300 2888 502 2973 largioribus
521 2896 557 2957 in
584 2892 726 2976 reliquis
754 2888 938 2975 generibus
964 2902 1074 2973 atque
1087 2887 1137 2951 ia·

150 2987 280 3075 nciliis..
306 2992 373 3053 Sed
400 2995 478 3077 quis
500 2996 542 3058 de
569 2996 664 3059 omni
682 2994 932 3078 ·Bctanieorurn
961 2990 1135 3066 consortio

106 3148 110 3157 .
149 3102 218 3154 tam
239 3091 343 3157 vilem
360 3093 449 3159 ferat
462 3098 660 3182 opinionem
672 3140 691 3175 ,2-
704 3110 746 3163 ut
760 3118 830 3160 non
851 3098 967 3182 potius
993 3112 1137 3177 exspec-

149 3204 208 3268 tet,
226 3214 283 3259 eos
304 3200 429 3275 omnia,
449 3220 535 3283 quae
553 3202 633 3264 hnic
653 3222 750 3285 operi
741 3197 974 3287 'perficiendo
992 3207 1070 3279 apta
1084 3194 1137 3256 vi·

148 3294 293 3375 dentur,
333 3299 523 3386 inexpetita
557 3301 764 3369 liberalitate
792 3303 1012 3389 praestituros
1038 3295 1136 3359 iore?

151 3399 380 3489 Quidounque
397 3426 480 3471 vero
499 3405 734 3472 contribuatur
749 3405 806 3474 vel
823 3406 1031 3491 denegetur,
1052 3418 1136 3463 con-
