2759 4159
303 312 342 334 ”
422 299 834 427 ruciacensis.
1014 361 1039 460 j
1088 366 1120 454 s

130 536 246 620 opteri
265 544 410 619 poterat,
434 526 602 598 certitudo
626 536 718 599 circa
734 535 848 627 operis
871 532 1118 618 perfectionem
1207 602 1212 611 ,

14 650 19 665 “
132 651 169 701 et
185 635 472 701 accelerationem
488 636 635 729 stabilita
651 637 724 701 luit.

220 744 313 824 Opus
338 742 452 826 itaque
478 760 639 825 praesens
664 743 750 825 (non
774 732 908 817 meum,¹
938 730 999 804 sed
1016 744 1120 808 totius

47 856 54 868 '
130 843 374 907 Botanicorutn
401 843 651 907 communionis
663 845 686 927 l)
718 856 756 907 nt
788 843 942 907 omniurn
969 844 1120 909 maxime
1164 911 1168 924 ,

29 958 33 966 ’
130 944 326 1028 perlectum
348 959 448 1031 atque
469 943 742 1021 absolutum,'ut
756 947 892 1030 penitus
914 945 1121 1024 immortale,

131 1063 166 1112 et
188 1048 302 1133 legale
323 1049 418 1115 omni
440 1047 519 1111 loco
539 1061 576 1111 ut
603 1049 872 1132 omnitempore
898 1048 1119 1113 consideren-

131 1152 216 1215 dum
236 1164 296 1215 est.
328 1151 380 1216 Ad
398 1150 497 1236 hujus
514 1140 670 1215 normam
689 1151 726 1213 in
738 1163 913 1234 posterum
927 1170 1046 1215 omnes
1063 1151 1119 1236 ju-

128 1255 246 1317 niores
272 1254 433 1338 componi
453 1251 638 1317 debebunt.
671 1256 924 1336 Quaecunquae
946 1255 1037 1318 enim
1064 1275 1120 1318 se·

128 1356 200 1419 rius
215 1354 449 1434 observantur,
473 1356 688 1441 deteguntur,
712 1368 913 1430 statuuntur,
936 1356 1016 1419 huic
1033 1376 1117 1441 ope·

128 1459 160 1521 ri
177 1457 368 1543 adaptanda
386 1472 480 1536 suut,
504 1460 574 1526 sive
594 1458 785 1523 reductioni
802 1456 999 1520 immediate
1021 1478 1117 1523 com·

128 1561 368 1638 ruminentur,
391 1563 462 1628 sive
484 1562 671 1646 inscriptis
700 1557 948 1644 singularibus,
980 1560 1116 1638 diariis,
1140 1544 1146 1551 ¹

1 1705 28 1743 ¹.
128 1662 272 1748 aliisque
301 1676 335 1743 et
360 1663 621 1749 quibuscunque
648 1662 788 1749 demum
814 1660 976 1747 operibus
1000 1664 1116 1729 mixtis

128 1760 354 1850 deponantur.
381 1767 538 1830 'Nomina
569 1754 814 1839 detectorum,
833 1763 1113 1842 observatorum,

1 1900 7 1910 ·
33 1954 36 1960 ι
128 1882 307 1963 auctorum
323 1881 440 1965 sancta
458 1881 491 1932 et
503 1867 698 1951 'inviolabili
714 1866 881 1950 religione
908 1866 1113 1953 subsignan-

126 1984 183 2035 tur
199 1970 358 2035 omnibus
381 1971 551 2055 excerptis
570 1984 603 2033 et
623 1969 900 2063 communicatis,
921 1982 955 2032 et
974 1970 1022 2034 sic
1039 1983 1114 2033 tan-
1170 1978 1174 1986 '

126 2073 303 2151 demeum
319 2093 423 2159 opere
441 2073 515 2158 ipso
534 2074 628 2136 hisce
647 2086 805 2137 aeternae
822 2073 1023 2135 meritorum
1040 2093 1114 2136 rne-
1218 2110 1222 2121 ·

15 2220 21 2239 .
49 2202 52 2212 ·
125 2176 258 2265 moriae
278 2188 500 2245 monumenta
521 2186 593 2239 tuta
612 2174 811 2239 redduntur.
843 2177 938 2252 Quae
954 2173 1113 2238 redacto·
1201 2199 1205 2216 ¹

11 2314 15 2321 ·
51 2330 71 2359 „
125 2279 173 2344 ris
186 2279 374 2365 praesentis
390 2279 495 2363 ipsius
509 2290 597 2358 sunt,
614 2276 762 2341 literaT.
780 2275 977 2361 subsignata
993 2274 1114 2337 distin·
1135 2320 1138 2336 .

54 2388 69 2401 ‘'
128 2379 266 2473 gnenda
287 2380 439 2445 veniunt.
471 2383 556 2475 Τιιιιι
576 2378 810 2454 solummodo,
837 2400 916 2442 cum
938 2397 1009 2440 non
1024 2396 1112 2460 pure

68 2566 71 2573 Ι
126 2480 236 2545 verba
261 2480 439 2567 cujusdam
458 2495 555 2569 sunt,
582 2482 717 2548 veluti
707 2502 743 2543 ιιι
762 2481 919 2546 versione
942 2478 998 2543 vel
1018 2497 1113 2542 cern-

18 2584 22 2589 “
124 2583 269 2669 pendia,
291 2582 425 2651 nullum
444 2604 572 2647 nornen
591 2583 818 2667 subsignatur.
1071 2584 1082 2596 '

73 2684 93 2767 J
214 2676 343 2765 Quod
332 2708 401 2772 Janr
422 2688 534 2773 operis
552 2687 657 2771 ipsius
676 2670 954 2749 constitutionem
971 2682 1112 2759 adtinet,

125 2788 350 2873 sequentibus
368 2786 622 2853 conditionibus
633 2785 844 2871 absolvitur:

21 2881 55 2983 J
131 2876 134 2879 ¹
212 2890 392 2967 Quaelibet
414 2891 560 2966 familia,
580 2886 773 2975 ‘quodlibet
788 2908 915 2973 genus,
937 2887 1112 2975 quaelibet

26 2987 49 3060 ι’
72 2992 77 3009 “
124 2994 270 3079 species,
292 3005 326 3056 et
342 3014 387 3057 ex
406 2992 569 3079 singulari
582 3004 742 3078 respectu
755 3010 1001 3076 nonuunquam
1016 2991 1112 3074 ipsae

82 3168 85 3175 ¹
124 3097 306 3167 varietates
333 3094 627 3171 distinctissimae,
647 3093 780 3159 cultura
796 3093 852 3159 vel
870 3117 933 3158 usu
955 3092 1110 3159 celebra-

124 3212 178 3261 tae
200 3197 345 3283 singulis
367 3198 539 3263 schedulis
566 3192 821 3273 describuntur,
849 3198 897 3262 ita
913 3209 1048 3270 tamen,
1070 3206 1110 3256 ut

125 3302 252 3377 onr'rria,
277 3322 364 3385 quae
382 3300 530 3366 dicenda
546 3310 639 3378 sunt,
662 3300 865 3387 plerumque
883 3300 944 3378 uni
961 3295 1106 3382 paginae

122 3404 380 3487 imprimantur,
404 3406 438 3469 ιιι
462 3407 579 3469 charta
595 3405 794 3491 scriptoria,
819 3403 961 3469 aduersa
978 3419 1106 3501 uacua,
1178 3440 1181 3447 ι
