2759 4159
1086 349 1127 420 ²9

147 488 445 582 subsignationem
461 507 600 559 onmem
617 490 760 570 evitavi,
778 512 821 559 ne
844 492 927 559 olim
947 498 1022 581 quis
1036 497 1129 563 dies.
1206 500 1211 509 ·

150 616 192 666 re
214 602 319 687 possit
329 624 341 663 ε’
361 602 471 681 „llaec
492 617 563 661 non
578 596 684 663 verba
699 597 805 683 ipsius
820 600 966 665 auctoris
980 606 1088 664 sunt.“
1154 627 1161 639 ,

240 709 279 767 ln
298 701 452 787 qualibet
469 702 557 765 serie
580 702 712 786 species
739 700 827 785 ipsae
849 702 897 764 ita
913 702 1129 779 coordinari,

32 824 37 835 ·
150 806 209 891 nel
226 805 347 869 saltem
365 803 565 869 coordinare
581 803 705 880 studui,
718 816 758 867 ut
774 803 964 871 simillimae
982 827 1042 869 seu
1058 827 1130 876 ma-

53 993 56 999 .
149 911 247 973 xime
265 906 383 1007 aflines
400 905 466 971 sibi
486 924 621 991 semper
635 906 814 990 proximae
832 908 1130 995 conspicerentur,

151 1025 260 1097 utque
278 1009 405 1096 gradus
425 1008 627 1075 diversitatis·
648 1008 717 1095 jam
734 1009 808 1093 ipso
823 1007 902 1073 loco
919 1010 1130 1095 exprimere-

17 1098 41 1187 ’,
143 1126 217 1177 tur.
243 1118 402 1178 Ceterum
416 1124 517 1175 notae
535 1110 672 1175 criticae
692 1112 798 1175 cnivis
817 1113 943 1196 speciei
957 1104 1130 1212 'subscrip-

149 1228 206 1281 tae
236 1216 386 1279 rationes
417 1213 586 1302 reddunt,
610 1234 698 1297 qnae
723 1233 815 1278 meat
841 1216 1020 1301 opiniones
1047 1211 1130 1278 deo·

34 1326 38 1333 '
150 1316 302 1382 niebant.
351 1392 364 1405 Ι

156 1437 160 1442 ’
236 1423 276 1483 In
306 1417 435 1505 genere
461 1418 626 1483 llosarnm
650 1419 829 1485 varietates
852 1440 992 1503 magnae
1016 1433 1130 1504 partes

43 1532 47 1545 '
65 1546 68 1553 ·
154 1536 268 1608 agunt.
287 1518 357 1585 snb
367 1520 524 1585 manibus
535 1520 703 1585 cultorum
720 1523 918 1604 innumerae
927 1532 1026 1601 natae
1041 1536 1131 1599 sunt,

107 1651 109 1657 ·
155 1639 189 1689 et
203 1624 320 1710 plures
333 1610 468 1687 illarum
493 1623 689 1687 nominibus
704 1624 851 1709 propriis
869 1624 1129 1708 distinguuntur.

154 1727 269 1795 Plures
288 1723 467 1801 habentur,
489 1745 633 1810 quarum
650 1725 844 1792 differentia
867 1727 1043 1812 specificae
1068 1746 1131 1811 par

155 1842 217 1906 est,
240 1827 327 1892 aliae
350 1826 396 1891 ob
416 1826 617 1912 elegantiam
641 1828 822 1913 insignem,
843 1850 964 1906 usum,
985 1827 1041 1894 vel
1060 1830 1130 1893 his·

154 1933 278 1997 teriam
296 1931 383 1995 tanti
401 1932 567 1994 momenti
588 1942 676 2007 sunt,
698 1943 737 1995 ut
751 1932 947 2018 earumdem
966 1933 1131 2017 cognitio,

150 2034 246 2119 ipsae
268 2033 397 2118 speciei
415 2032 602 2117 cognitioni
621 2032 840 2098 anteferenda
854 2034 1019 2100 videatur.
1041 2038 1130 2099 Tan-

43 2120 45 2127 *
136 2126 234 2200 ‘dem
259 2134 295 2199 in
323 2136 429 2199 hortis
453 2146 505 2198 tot
521 2133 678 2199 coluntur
706 2136 885 2202 varietates
902 2136 945 2201 ab
970 2135 1128 2200 omnibus

156 2240 389 2323 existimatae,
426 2247 464 2301 ut
491 2258 547 2301 eas
569 2236 704 2301 silentio
728 2240 944 2323 praeteriens.
959 2236 1127 2322 superbae
1145 2300 1148 2305 ,

153 2340 392 2405 contemtionis
410 2346 444 2403 e't
460 2338 684 2424 neglectionis
701 2342 853 2406 accusari
878 2340 1028 2404 deberet.
1060 2342 1127 2402 lta-

57 2516 62 2522 ·
153 2459 221 2528 que
234 2441 465 2507 necessarium
483 2442 620 2531 putavi,
640 2463 711 2506 non
735 2443 839 2507 modo
856 2442 1128 2507 easdemtecen-
1221 2497 1223 2502 ,

78 2539 80 2545 ’
154 2566 240 2622 tere,
264 2546 327 2609 sed
353 2557 386 2608 et
408 2545 609 2630 praecipuas
630 2545 844 2629 singulariter
870 2544 1075 2626 distinguere
1091 2556 1128 2605 'et

45 2666 79 2712 5··
150 2643 446 2712 observationibus
473 2646 650 2712 illustrare.
688 2651 760 2712 lloc
789 2666 830 2710 eo
858 2647 966 2729 magis
989 2636 1131 2730 reposci

149 2748 350 2827 uidebatur,
373 2766 451 2814 curn
468 2749 582 2833 plnres
605 2748 798 2835 usquedum
817 2748 860 2843 ad
885 2749 1016 2833 speeies
1034 2746 1124 2812 rela-

53 2908 55 2913 .
149 2866 203 2916 tae
230 2852 389 2929 fuerunt,
418 2851 583 2937 aquibus
609 2862 703 2915 ortae
730 2846 834 2915 fnisse
864 2867 935 2914 non
958 2862 1124 2935 poterant.

23 2966 31 3038 ζ
72 3036 75 3044 1
152 2952 207 3019 Sic
228 2976 256 3019 e.
274 2976 306 3039 g.
328 2953 443 3040 plures
465 2954 632 3039 ejusmodi
658 2954 837 3019 varietates
863 2953 1026 3039 adscripsi
1052 2955 1123 3037 lio-

152 3070 208 3122 tae
225 3054 422 3134 austriacae,
444 3057 604 3142 pumilae,
627 3056 859 3140 oxyacanthae
876 3067 940 3119 etc.
958 3077 1044 3140 quae
1065 3072 1124 3116 an-

152 3171 207 3223 tea
230 3181 294 3245 pro
313 3141 532 3226 varietatibus
549 3163 587 3226 R.
613 3160 755 3245 gallicae
779 3171 813 3222 et
829 3148 1124 3244 pimpinellifoliae

152 3258 373 3328 habebantur.
396 3263 512 3327 Sedet
528 3264 565 3327 in
580 3284 621 3326 eo
641 3262 770 3349 aliquid
784 3245 1024 3347 praestandum
1040 3269 1123 3332 erat,

31 3388 35 3395 ·
72 3410 74 3415 -
150 3378 190 3429 ttt
206 3363 417 3433 diversitates
438 3369 605 3432 Rostrum
623 3364 671 3430 ali
696 3366 850 3457 aliisffpro
875 3361 1057 3451 specificis,
1080 3358 1124 3423 ab
1232 3368 1237 3422 ζ
