2759 4159
46 388 49 397 ·
267 388 304 453 ιι
410 352 411 357 '
544 354 1012 447 rnonneottnua'

263 564 330 629 que
351 541 632 627 geographicam,
654 561 754 605 usum
778 552 813 602 et
829 560 962 613 summe
985 540 1244 621 memorabilia,
1352 601 1359 620 ,

263 645 487 731 explicantur.
501 642 662 709 Prosodia
673 644 862 719 nominum,
875 657 910 706 et
926 641 1144 727 etymologia,
1161 645 1242 709 ubi·

261 770 397 834 cunque
415 747 645 811 necessarium
662 746 853 824 videbatur,
876 746 1000 810 tradita
1017 736 1091 810 init.

368 850 511 914 Nomina
532 850 690 933 specifica
712 850 824 933 primo
851 847 993 935 adjectis
1023 847 1267 940 fundatorum·

260 950 456 1040 nominihus
484 952 614 1040 signata
639 965 672 1014 et
697 952 747 1016 sic
775 950 878 1036 legali
899 972 1021 1016 norma
1046 954 1247 1015 confirmata

261 1068 348 1119 sunt.
370 1054 609 1143 Ilelinitiorienr¹
629 1055 740 1119 datam
759 1054 977 1138 subsequitur
995 1055 1166 1137 exquisita
1183 1058 1246 1136 Sy-

251 1157 425 1232 ·nonimia‚
449 1170 482 1219 et
500 1159 587 1221 hano
606 1162 786 1242 (quatenus
801 1156 911 1222 fontes
929 1156 1163 1247 suppeoitant)
1184 1155 1246 1218 de·
1311 1206 1317 1221 .
1373 1212 1376 1220 Δ

262 1260 401 1344 scriptio
416 1279 486 1343 non
499 1261 599 1324 nimis
616 1259 773 1345 profusa,
798 1260 860 1324 sed
876 1258 921 1323 ad
944 1258 1137 1344 diagnosim
1152 1258 1242 1333 rela-

261 1376 316 1438 ta,
340 1382 408 1447 quo
429 1354 572 1439 melius,
595 1384 663 1447 quo
683 1366 808 1427 certius
833 1361 1005 1446 quaelibet
1026 1362 1157 1445 species
1184 1381 1243 1423 co-

262 1478 458 1561 gnoscatur‚
483 1478 516 1530 et
535 1481 557 1528 'a
574 1463 715 1549 reliquis
730 1456 891 1529 omnibns
912 1463 1149 1549 distinguatur.
1179 1466 1246 1535 lla-

261 1566 402 1645 lutatio,
426 1588 526 1652 saepe
551 1580 586 1630 et
611 1570 710 1633 statio
735 1568 880 1656 speciei,
908 1565 1063 1653 ejusdem
1072 1564 1243 1643 affinitas,

262 1658 423 1747 historia,
446 1692 544 1747 usus,
567 1683 601 1733 et
624 1668 690 1735 alia
700 1669 950 1764 memorabilia
964 1688 1043 1734 raro
1065 1667 1243 1772 deliciunt,

263 1785 297 1835 et
313 1770 516 1857 plerumque
534 1774 653 1839 critico
670 1773 801 1858 judicio
823 1773 1106 1849 concomitantnr.

351 1875 462 1939 Dubia
480 1874 615 1960 aliaque
633 1875 823 1941 desiderata
839 1876 989 1940 maxime
1006 1860 1245 1958 urgentianon

184 1988 188 1991 “
262 1976 367 2057 modo
393 1977 605 2061 speciebus'
596 1980 677 2065 ipsis
702 1978 887 2064 adjungere
911 1976 1028 2053 soleo,
1059 1974 1121 2042 sed
1148 1987 1181 2038 et
1209 1975 1247 2037 in

264 2066 486 2177 conspectum
505 2077 689 2173 colligere,
713 2102 782 2175 quo
803 2080 955 2147 melius
946 2100 982 2142 ιιι
1002 2071 1168 2158 memoria
1189 2098 1244 2140 re·
1252 2142 1257 2152 ,

260 2182 451 2276 tinearum,
475 2202 544 2268 quo
564 2185 712 2265 certius,
734 2205 803 2271 quo
824 2165 923 2248 citius
951 2181 996 2248 ab
1016 2174 1245 2244 observatori-

260 2282 346 2370 hus,
371 2288 550 2351 occasione
574 2286 728 2373 favente
750 2279 922 2371 responsis
950 2296 985 2348 et
1006 2246 1245 2372 satisl'actioni-

261 2380 325 2453 bus
339 2388 513 2455 tollantur.
532 2388 629 2454 Tales
648 2392 886 2474 congestiones
900 2386 970 2451 ad
959 2386 1055 2450 mitia
1072 2386 1245 2476 tomorum
1334 2398 1363 2433 ··

264 2476 483 2571 exhibentur,
501 2492 638 2578 quando
656 2514 818 2598 magnum
835 2489 944 2580 genus
960 2488 1017 2555 vel
1036 2482 1165 2557 familia
1183 2469 1244 2551 ab·

262 2592 374 2673 soluta
394 2594 469 2659 luit.

347 2696 416 2761 Nisi
435 2698 550 2761 omnia
567 2695 699 2773 fallunt,
717 2694 1075 2798 jucundissimanolris
1094 2713 1195 2789 spes
1190 2712 1244 2763 ar·

151 2800 155 2809 “
264 2796 371 2873 ridet,
393 2801 590 2863 Botanicem
614 2812 691 2884 post
708 2784 921 2875 Dtccnnium
948 2798 992 2863 ad
1011 2794 1119 2881 multo
1144 2793 1244 2886 altio·
1255 2783 1259 2788 ⁴
1338 2860 1341 2866 Α

263 2911 337 2967 rem
360 2901 579 2983 perfeetionis
603 2901 747 2987 gradum
775 2914 947 2978 evectam,
970 2897 1143 2964 multoties
1162 2916 1244 2960 auo·
1269 2965 1277 2979 .
1376 2971 1377 2988 ἵ

262 3014 343 3080 tam,
367 3014 401 3079 et
418 3001 462 3065 ab
481 3003 638 3070 omnihus
658 3004 790 3068 mendis
809 3004 884 3068 aevi
903 3002 1096 3088 'praesentis
1116 2994 1244 3086 purga·

261 3118 332 3168 tam
358 3116 459 3189 atque
485 3106 673 3171 immunem
702 3106 946 3192 conspiciendi.
983 3105 1052 3169 Sed
1075 3104 1256 3168 terminus.

263 3230 344 3279 suae
364 3207 583 3295 perfectionis
602 3229 673 3273 non
695 3223 764 3273 tam
784 3211 883 3275 arctis
906 3208 1073 3274 limitibus
1092 3208 1242 3271 circum·

233 3312 406 3401 ‘scriptus
426 3323 484 3375 est.
514 3314 666 3376 Botanici
691 3302 810 3377 ornnes
827 3325 993 3378 terrarum
1018 3311 1136 3398 plagas
1160 3328 1242 3393 per·

260 3430 422 3499 uagantes
440 3415 685 3489 continuabunt
701 3436 779 3494 suos
792 3414 938 3497 labores,
952 3416 1165 3483 incrementa
1178 3432 1241 3475 au-
