2759 4159
200 375 277 449 ἰι
388 374 392 393 ›
507 311 949 420 Αιιιοιιιεοιιιιι.

255 534 292 598 1ιί
304 530 416 618 legem
435 540 585 595 sanctam
600 526 677 604 leci,
699 524 763 590 sed
780 525 974 591 facultatem
994 530 1117 614 excepi
1133 525 1234 594 fami·

255 634 343 701 lias
333 654 422 725 ipsas
441 631 634 715 adaugendi
649 627 706 694 vel
720 630 989 714 restringendis
978 652 1048 697 nno
1066 631 1234 698 divellen-

255 739 293 804 di
319 736 484 850 aliterque
510 732 754 810 coordinandi,
777 731 837 795 ubi
863 735 994 798 animus
1011 748 1045 798 et
1065 735 1235 799 affinitatis

255 862 373 907 sensus
388 822 472 903 milti
492 834 710 921 persuadent,
732 834 835 900 talem
852 835 1118 951 declinationem
1136 851 1236 903 natu-

255 965 314 1011 rae
330 940 451 1007 melius
470 938 665 1003 convenire.
749 967 752 977 ·

339 1044 395 1107 Sic
404 1041 555 1119 tandem,
569 1039 698 1125 aliquot
714 1042 967 1126 monographiis
978 1040 1177 1117 absolutis,
1165 1062 1238 1126 Jem

256 1166 330 1213 rem
346 1146 576 1219 inchoassem,
599 1141 742 1227 aliisque
763 1143 1029 1207 continuandam
1044 1142 1238 1229 relinquere

255 1269 402 1335 possem.
432 1245 500 1309 Sed
524 1247 764 1310 Botanicornm
782 1248 934 1321 interest,
956 1259 994 1310 ut
1011 1249 1131 1310 Totum
1157 1245 1238 1309 bre-

254 1350 393 1416 vissimo
406 1349 570 1435 temporis
589 1348 717 1434 spatio,
740 1370 809 1435 quo
830 1350 904 1413 fieri
919 1362 1049 1434 potest,
1073 1348 1240 1412 adfinem
1305 1338 1310 1344 ⁸

190 1456 195 1465 ‘
254 1452 464 1537 perficiatur!

252 1588 255 1595 .
339 1554 392 1618 Ex
405 1556 469 1616 hac
480 1552 627 1638 denique
646 1573 748 1617 causa
764 1553 929 1618 demissus
945 1552 1015 1617 adii
1028 1575 1159 1620 summe
1177 1574 1239 1617 ve-

256 1649 443 1721 nerandam
471 1656 676 1719 Societatem
698 1658 839 1740 Regiam
862 1658 1057 1722 Botanicam
1081 1654 1240 1720 Ratisbo·

255 1778 418 1834 oensem,
434 1769 473 1821 ut
490 1758 573 1823 velit
589 1759 693 1823 hosce
712 1760 781 1821 mei
796 1758 923 1823 laboris
939 1759 1067 1823 lructus
1084 1780 1144 1822 sua
1156 1778 1241 1842 pro-

255 1861 404 1923 tectione
420 1861 519 1937 tucri,
543 1861 751 1924 consortium
766 1861 901 1927 auxiliis
917 1862 1129 1938 accelerare,
1153 1880 1239 1944 opus
1264 1902 1277 1925 e

255 1963 367 2046 ipsum
385 1966 422 2026 itt
446 1961 648 2027 relationem
665 1963 802 2028 fidelem
823 1963 1237 2048 deonorum-congressus

255 2064 407 2128 botanici
431 2064 631 2129 universalis
658 2067 896 2141 considerare,
919 2080 953 2129 et
973 2086 1051 2130 meo
1075 2058 1236 2140 recessu,

256 2166 328 2230 sive
353 2150 567 2230 ob'mortem
593 2168 664 2233 sive
684 2168 729 2231 oh
747 2167 1048 2256 labefactationem,
1060 2169 1184 2233 virium
1203 2178 1238 2231 et

257 2266 480 2344 valetudinis,
517 2268 621 2333 alium
648 2271 863 2334 redactorem
891 2272 1084 2347 instituere,
1117 2269 1237 2345 verbo,

250 2382 411 2463 [materno
435 2391 550 2444 amore
573 2392 636 2457 pro
655 2366 906 2436 immortalitate
927 2395 1006 2436 snae
1023 2372 1146 2458 prolis,
1165 2372 1240 2457 ipsa

257 2479 375 2563 utique
395 2472 607 2550 immortalis,
625 2495 762 2538 omnem
779 2496 896 2539 curam
909 2497 1039 2559 gerere.
1099 2502 1103 2510 ·

275 2575 277 2579 ’
304 2632 306 2637 .
342 2581 433 2643 Haeo
456 2578 573 2641 omnia·
585 2576 622 2639 in
641 2567 791 2641 sessione
812 2578 867 2641 die
886 2579 1030 2663 septima
1044 2572 1158 2641 Martii
1173 2578 1238 2639 hu·
1311 2642 1315 2648 ,

257 2679 312 2766 jus
338 2680 419 2743 anni
441 2700 607 2763 generosa
631 2689 749 2743 mente
769 2694 869 2765 atque
895 2680 1048 2743 unanimi
1071 2698 1240 2742 consensu
1307 2690 1311 2701 “

260 2799 422 2846 concesse
439 2794 473 2843 et
488 2781 683 2847 solennibus
701 2782 836 2848 literis'
827 2804 863 2845 ιιι
884 2795 956 2845 tuto
980 2780 1147 2845 collocata
1163 2779 1240 2843 lues
1329 2788 1333 2797 '

261 2895 360 2979 runt,
372 2876 614 2967 praesentibus
641 2899 741 2984 atque
764 2885 902 2971 signatis
924 2888 1001 2950 Dre
1017 2885 1151 2968 Hoppe,
1176 2887 1240 2945 So·

263 2984 393 3049 cietatis
412 2984 608 3062 Directore,
630 2990 714 3052 ore.-
711 2989 839 3071 Lang,
863 2987 1050 3062 Archiatro,
1073 2984 1239 3051 Consilia·
1356 2976 1363 2993 '

124 3072 127 3081 ’
202 3136 205 3141 -
263 3088 316 3153 rio
337 3086 529 3171 Legationis
548 3087 653 3164 Felix,
677 3088 876 3152 Consiliario
899 3089 1059 3153 saltuario
1080 3089 1122 3151 de
1142 3092 1241 3171 Sten

256 3190 330 3277 gel,
353 3189 547 3281 Inspectore
566 3190 759 3260 Emmerich
777 3204 810 3255 et
827 3195 905 3257 Dre,
927 3196 1156 3278 Oppermann,
1177 3193 1240 3254 So-

264 3294 393 3358 cietatis
407 3290 588 3355 secretario
604 3306 780 3377 perpetuo.
811 3314 823 3347 ·-
987 3379 990 3383 Δ
1244 3292 1251 3308 ‘

348 3400 417 3461 Hac
434 3393 566 3461 ratione
585 3396 761 3461 Botanices
788 3397 974 3465 cultoribus
997 3398 1129 3475 omnis,
1152 3414 1239 3481 quae
