2759 4159
967 351 1134 426 ‘es

160 529 282 604 debui,
307 546 408 612 quarn
425 529 461 589 in
475 526 547 590 aliis
570 525 724 611 plurimis
743 525 937 609 plantarum
951 526 1133 610 genetibus

158 629 388 694 necessarium
406 629 550 693 videtur.
589 629 721 693 Etenim
745 631 854 701 Rosae
888 643 965 692 sunt
998 628 1133 713 plantae
1191 613 1194 621 ¹

159 732 308 808 cultura,
330 754 396 796 usu
413 731 566 807 medico,
589 731 834 807 oeconomico,
857 732 1033 814 teclpnicm
1062 725 1185 794 arte*

159 835 323 920 pictoria,
336 833 453 917 *poesi*
475 834 614 898 historia
631 847 664 897 et
678 833 822 900 scientia
838 831 1027 915 symbolica
1044 834 1136 896 celo-

159 935 381 1000 bratissimae.
405 939 488 1000 Cum
506 956 588 1000 vero
603 934 912 1020 plerisqueharum
932 937 1053 999 artium
1071 937 1136 999 sci·

162 1041 397 1121 entiarumque
412 1037 596 1102 cultoribus
617 1038 837 1102 fundamenta
854 1034 1013 1101 botanioa
1038 1039 1136 1121 peni·
1214 1039 1217 1045 “

79 1181 82 1188 ,
162 1141 433 1214 tus-deficerent,
457 1138 655 1215 factumest,
678 1152 715 1202 ut
731 1138 877 1222 plurima
894 1139 1136 1227 perturbaren-

161 1257 232 1317 tur,
257 1254 411 1304 etvanae
433 1245 533 1326 saepe
554 1263 665 1324 nugae
687 1262 766 1304 cum
784 1243 990 1324 gravissimis
1007 1242 1137 1327 peritiis
1195 1242 1198 1247 ⁴

162 1345 473 1416 commiscerentur.
503 1344 639 1410 Initium
666 1356 779 1406 autem
803 1346 912 1407 omnis
938 1343 1137 1408 eruditionis

162 1459 212 1510 est
230 1459 388 1509 accurata
406 1444 637 1530 subjectorum
656 1447 816 1529 cognitio.
855 1451 1059 1510 Immensum
1077 1446 1136 1524 de·
1152 1437 1156 1444 ’

161 1548 411 1623 barenorum,
446 1546 683 1632 confusionum
702 1547 1007 1635 lethbscuritatum
1033 1569 1137 1632 exag-

86 1665 91 1676 “
160 1652 373 1735 geratiouem·
390 1670 559 1734 superare.
595 1649 781 1735 Oportebat
806 1651 920 1714 omnia
948 1652 984 1713 iu
1013 1648 1136 1721 eodem
1218 1712 1221 1720 ,

162 1763 558 1830 statu'commonstrare‚
578 1767 659 1838 ¹'quo
692 1752 906 1836 reperiuntur
914 1742 929 1831 ,’
957 1751 1137 1838 oportebat

162 1843 296 1918 detecta
319 1852 465 1930 referre,
498 1845 619 1918 eorum'
638 1851 771 1918 mutuas
784 1853 787 1858 ’
801 1854 983 1923 relationes
1011 1853 1137 1939 dijudi-

161 1979 258 2033 care,
283 1967 400 2019 ettam
415 1956 604 2022 intricatam
622 1957 799 2020 materiam
817 1958 852 2020 in
874 1957 1029 2021 ordinem
1044 1956 1138 2021 redi—

160 2079 252 2144 gere.
284 2060 356 2123 Hoc
373 2077 414 2120 eo
442 2060 549 2142 magis
568 2058 772 2143 oportebat,v
797 2079 864 2144 quo
888 2060 995 2143 magis
1020 2058 1137 2142 praxis

161 2159 391 2234 hortulanaria
408 2159 450 2224 ab
466 2161 623 2227 omnibus
638 2161 813 2246 principiis
832 2163 911 2226 artis
919 2159 1135 2244 sdivergebat

235 2263 468 2339 -Quantumuis
487 2261 572 2328 forte
587 2264 660 2347 ipse
673 2264 874 2329 ¹erraverim.
885 2266 1018 2347 (Errare
1045 2260 1137 2322 enim

160 2367 348 2438 humanum
369 2377 434 2441 est,
459 2365 594 2444 etnihil
608 2367 759 2430 „humani
774 2387 793 2433 a
808 2388 863 2429 me
890 2364 1137 2428 alienum-esse
1180 2367 1184 2371 ⁴
1276 2423 1281 2436 ,

147 2478 244 2552 ¹puto
257 2469 280 2549 l)
303 2485 373 2533 non
391 2467 475 2532 mihi
492 2467 716 2552 denegabitur
737 2488 861 2552 magua
883 2469 919 2530 in
936 2463 1138 2548 colligendis

163 2583 196 2632 et
210 2567 438 2654 dijudicandis
456 2570 647 2652 synonimis
667 2570 852 2654 diligentia.
886 2567 1139 2651 Descriptiones
1217 2570 1219 2573 ’

163 2673 354 2756 specierum
380 2673 487 2756 magis
507 2673 542 2736 in
565 2673 631 2735 hoc
654 2688 778 2756 genere
802 2670 956 2756 prolixae
976 2656 1048 2734 esse
1078 2667 1138 2731 de-

162 2773 246 2837 bent
275 2795 376 2857 quarn
398 2775 432 2837 in
460 2773 529 2838 ullo
555 2772 640 2852 alio,
673 2760 753 2858 quia
778 2765 908 2858 species
935 2773 1001 2836 sibi
1036 2792 1137 2856 saepe
1186 2758 1189 2764 ’

163 2875 248 2938 adeo
266 2874 486 2954 affinessunt‚
508 2890 629 2941 utnon
645 2876 870 2961 nisiplenaria
887 2876 1138 2963 comparatione

163 2977 311 3043 discerni
327 2992 461 3065 queant.
500 2983 538 3044 In
565 2979 705 3065 adjectis
732 2978 1024 3044 observationibus
1045 2977 1138 3043 criti.-

163 3081 229 3174 cis‚
251 3079 304 3164 jus
323 3082 537 3164 specificam,
561 3082 773 3170 affinitatem,
804 3084 985 3154 sententias
1005 3095 1038 3144 et
1063 3079 1139 3163 opi-

162 3184 283 3244 niones
302 3173 536 3249 controverias
562 3184 730 3249 illustrare
761 3199 794 3249 et
817 3207 898 3270 prae
920 3181 1138 3250 ulterioribus

161 3285 448 3374 permixtionibus
469 3289 604 3351 monitis
623 3287 769 3353 lectores
789 3309 908 3353 cavere
929 3286 1042 3350 debui.
1072 3286 1138 3346 Va-

163 3387 337 3453 rietatibus
354 3388 390 3452 in
407 3391 471 3456 hoc
488 3410 613 3476 genere
630 3390 739 3475 major
757 3379 945 3458 debebatur
961 3392 1136 3474 respectus
