2759 4159
235 380 372 496 ηδ’,

260 568 457 650 muscosae,
469 572 684 650 'centifoliam
706 573 845 651 biferae,
857 579 1116 652 Damascena,
1135 574 1242 639 catti-

272 700 349 756 cae,
373 680 419 743 sic
433 676 545 740 -aliam
563 680 600 739 R.
622 680 813 740 moschatae
833 691 866 740 et
880 678 1173 760 sempervirentis,
1193 679 1243 741 sie

271 783 392 844 iterum
419 778 518 841 aliam
535 782 573 842 R.
599 779 852 857 Hudsonianae,
876 779 1027 854 lucidae,
1048 780 1243 855 carolinae,

271 883 496 965 virginianae,
519 882 773 947 cinnamomeae
795 896 857 945 etc.
889 885 951 946 Pro
965 880 1064 944 nobis
1081 881 1245 944 differen-

195 1005 198 1009 ·
270 986 336 1047 tiae
364 986 483 1045 harum
506 986 669 1048 Rosarum
690 986 818 1067 pariter
847 996 1061 1067 gravescunt
1086 1004 1125 1045 ac
1144 982 1243 1059 illae,

273 1085 395 1170 quibus
413 1086 542 1168 species
559 1087 771 1161 Cinohonae,
793 1087 910 1161 Lauri,
933 1086 1094 1159 Aeneiae,
1118 1086 1246 1169 Piperis

274 1201 306 1250 et
323 1186 534 1269 Indigoferae
555 1187 819 1271 distinguuntur,
839 1192 922 1251 Cum
938 1199 1052 1249 autem
1064 1199 1115 1249 tot
1129 1186 1245 1267 hybri-

274 1290 405 1364 ditates,
431 1302 481 1353 tot
500 1272 686 1353 anomaliae
716 1304 748 1353 et
774 1278 929 1352 transitus
955 1290 1088 1372 saepius
1114 1290 1246 1371 speeie-

273 1414 347 1456 rum
367 1392 609 1455 accuratiorem
628 1391 879 1456 distinctionem
905 1392 1054 1454 maxime
1073 1389 1247 1455 difficilem

274 1493 428 1569 reddant,
449 1514 517 1556 non
534 1495 656 1557 mirum
668 1522 684 1568 ,¹
698 1495 726 1556 si
744 1495 799 1556 hic
818 1493 873 1557 vel
892 1492 948 1555 ilie
968 1494 1003 1555 in
1021 1494 1088 1556 suis
1109 1493 1246 1575 exposi-

272 1596 420 1659 tionibus
440 1594 623 1671 delitescit;
647 1614 787 1671 errores,
809 1596 868 1680 qni
883 1616 953 1659 non
968 1578 1033 1659 nisi
1047 1594 1246 1679 iudicioSy-
1334 1654 1339 1667 ,

272 1698 354 1760 nodi
381 1698 523 1781 corrigi,
556 1719 574 1760 a
602 1696 741 1781 singulis
766 1718 850 1762 vero
877 1697 971 1761 nullo
1001 1696 1105 1765 modo
1129 1697 1246 1760 eritari

275 1788 413 1885 queunt.
748 1860 751 1873 ,
1155 1782 1164 1789 ’

308 1934 312 1941 ·
363 1905 418 1963 ,Ut
437 1914 547 1964 autem
566 1901 695 1985 aliquid
713 1903 855 1986 corrigi,
876 1915 910 1965 et
929 1900 1103 1976 emendari
1119 1902 1244 1984 possit,

166 2010 169 2029 ⁴
273 2003 373 2066 debet
391 2002 506 2083 adesse
524 2004 660 2080 infideli
679 2004 855 2080 relatione,
871 2003 974 2066 dehet
990 2002 1119 2089 judicio
1138 2002 1244 2087 subji-

195 2094 197 2099 ’
273 2108 304 2169 ci
330 2128 407 2169 cum
436 2107 600 2170 omnibus
618 2106 803 2173 rationibus
829 2106 1028 2171 defensoriis
1053 2108 1245 2192 pariterue

274 2208 551 2271 contradictoriis.

376 2313 431 2374 Sic
446 2309 515 2395 jam
536 2324 575 2373 et
588 2332 651 2395 ego
671 2333 822 2375 mearum
837 2312 984 2395 partium
1000 2308 1096 2383 duxi,
1115 2310 1245 2394 species

272 2417 450 2489 aBessero,
468 2412 728 2489 Biebersteinio,
746 2412 955 2488 Andrewsio,
976 2413 1120 2493 Thoryo,
1138 2414 1245 2486 Rauo,

272 2516 444 2589 Woodsio,
465 2517 639 2592 Tauschio,
656 2515 866 2595 Wallrothio,
884 2513 1134 2588 Willdenowio,
1153 2511 1243 2575 aliis·

250 2646 252 2653 ·
272 2640 337 2701 que
357 2617 517 2681 stabilitas
538 2638 614 2681 cum
635 2619 701 2681 suis
719 2618 806 2681 notis
827 2637 1019 2702 exponere,
1042 2617 1111 2678 imo
1128 2627 1161 2677 et
1179 2634 1243 2677 no-

270 2737 328 2783 vas
346 2734 511 2796 statuere,
544 2733 708 2803 quatenus
722 2724 901 2807 ⁶tantopere
922 2716 1245 2783 differretideban-

270 2835 335 2896 tur,
354 2836 561 2905 quantopere
582 2837 714 2887 ceterae
732 2825 861 2908 species
881 2820 923 2885 ab
943 2818 1101 2883 omnibns
1117 2818 1172 2883 vel
1180 2818 1245 2881 sal-

269 2935 340 2985 tem
356 2922 509 3005 plurimis
526 2926 658 3008 agnitae
677 2927 766 2989 inter
781 2947 817 2989 se
838 2923 1008 2987 differunt.
1041 2922 1119 2984 Sine
1141 2920 1244 2984 dubio

271 3044 453 3091 consensus
468 3026 621 3109 judicum
639 3029 754 3111 plures
775 3022 899 3089 harum
914 3022 1052 3087 delebit.
1076 3028 1150 3106 Ipse
1170 3043 1246 3086 rnea

272 3127 375 3191 dubia
399 3147 469 3190 non
495 3127 722 3204 dissimulavi,
755 3141 789 3190 et
817 3128 861 3190 ad
879 3128 1071 3213 specierum
1096 3127 1245 3208 ipsarum

249 3260 250 3265 ¹
271 3216 591 3294 commentationem
610 3231 752 3314 adposui
767 3231 936 3295 rationum
945 3213 1157 3314 quantitates,
1168 3228 1245 3311 qui-

270 3332 333 3395 bus
354 3354 431 3397 cum
452 3331 523 3395 aliis
544 3335 726 3395 cohaerere
743 3331 956 3395 ridebantur.
980 3332 1014 3393 Si
1034 3332 1177 3413 ipsemet
1195 3342 1246 3391 ta-.

262 3433 406 3519 ‘les'pro
423 3434 649 3501 varietatibus
669 3432 913 3511 declararem,
936 3420 1245 3511 immooestiaeac-
1297 3519 1300 3524 Ι
1339 3500 1342 3503 ,
