2759 4159
430 318 840 419 recensuerunt
1084 308 1120 423 dt

139 528 233 591 adeo
255 524 371 590 dissert
387 525 431 588 ab
450 524 517 590 illis
529 513 812 598 ,auctorumcum
838 511 1126 608 summarenerass

138 631 238 693 tione
269 629 542 707 nominatorum,
572 645 609 694 ut
635 652 756 695 revera
782 632 848 693 boc
878 649 963 714 opus
992 633 1128 715 penitus
1189 641 1191 645 ’

142 732 329 807 diversum,
352 751 480 803 novum
506 745 540 795 et
560 734 710 797 maxime
731 732 953 817 originarium
972 731 1041 797 dici
1066 732 1127 797 de·

139 834 244 911 beat,
282 855 395 918 neque
429 856 508 897 cum
541 824 623 901 istis',
646 836 930 921 compositionem
964 834 1129 920 admittat.

141 942 332 1021 Tempore,
357 958 426 1023 quo
449 935 482 1025 b:
502 937 760 1003 Willdenowius
777 960 852 1002 suas
872 937 1003 1022 species
1030 936 1129 1021 plan·
1192 981 1196 987 -

132 1053 253 1103 ‚tarum
279 1038 415 1115 edidit,
436 1041 567 1103 Parisiis
599 1045 786 1110 Persoonus
820 1060 915 1103 suam
940 1039 1109 1124 synopsin
1118 1084 1131 1122 ,Ι

136 1142 292 1207 Havniae
309 1138 342 1203 b.
359 1141 497 1207 Vablius
517 1164 615 1239 priam
632 1142 931 1207 Enumerationem
944 1136 1132 1218 inchoarit,
1289 1157 1295 1190 t

39 1322 41 1325 Ι
138 1257 182 1309 ut
208 1257 340 1307 taceam
372 1246 502 1309 Lexica
531 1260 564 1309 et
592 1244 804 1331 compendia
829 1243 951 1308 eodem
973 1256 1130 1329 tempore
1185 1235 1188 1242 ’
1231 1279 1232 1283 =

135 1344 338 1431 ¹publicitati
350 1346 491 1423 tradite;
517 1361 550 1411 at
567 1367 671 1411 nemo
689 1349 792 1411 hosce
813 1359 968 1411 auctores
984 1346 1129 1436 injuriae

140 1448 334 1523 accusavit;
357 1462 390 1511 et
407 1462 522 1513 tamen
533 1449 670 1514 illorum
686 1448 865 1515 molimina
873 1469 957 1522 ,cum
968 1450 1020 1512 his
1031 1446 1130 1511 Will·
1173 1468 1177 1476 ·

62 1560 73 1572 ’
141 1548 294 1614 denowii
314 1551 400 1615 heu!
424 1552 525 1615 nimis
543 1552 733 1624 conformia
749 1552 896 1625 luerunt.
920 1554 958 1614 ln
977 1550 1130 1636 republi-

142 1672 185 1716 ca
204 1653 423 1725 scientiarum
444 1654 517 1718 sola
535 1654 660 1719 utilitas
669 1669 737 1732 „et
760 1656 883 1720 veritas
904 1654 1051 1737 pretium
1069 1675 1129 1726 au-

140 1754 219 1817 fert.
251 1756 287 1817 si
305 1768 465 1821 nostrum
489 1778 573 1842 opus
598 1758 790 1823 aliisrilius
811 1755 991 1831 evaderet,
1008 1756 1131 1818 merito

140 1854 320 1921 communi
336 1857 507 1941 neglectu
525 1862 813 1945 supprimeretur,
836 1860 962 1933 sinon,
985 1856 1132 1941 quilibet

139 1980 242 2023 verus
263 1960 440 2025 Botanices
467 1960 597 2039 cultor,
628 1962 782 2048 ejusdem
808 1960 1023 2025 existentiam
1048 1963 1161 2043 pro-⁹

135 2080 281 2125 movere
308 2060 412 2126 debet
442 2076 475 2126 et
500 2066 615 2148 magni
638 2065 777 2137 habere.
822 2067 909 2125 Sane
936 2083 981 2125 ex
1009 2062 1130 2132 intima

134 2176 257 2227 mente
275 2177 428 2250 optarem
449 2167 615 2250 optimum
632 2167 824 2251 proiectum
837 2163 994 2241 laborum
1006 2149 1127 2256 ⁴Schul‘-

139 2266 217 2328 tesii
235 2287 273 2329 ac
292 2267 518 2347 Decandollii,
542 2268 603 2335 sed
623 2283 658 2341 et
674 2266 927 2334 celeriorem-
945 2267 1011 2329 boc
1029 2263 1128 2349 peni-

140 2366 426 2434 tus'dissimulare
447 2374 604 2457 nequeo!
1117 2381 1120 2387 '

216 2474 530 2538 'Commentationis
548 2475 653 2558 ipsius
672 2474 849 2539 instructio
869 2472 998 2556 optime
1011 2466 1126 2537 exad-
1181 2479 1183 2486 '

142 2588 263 2658 spectu
281 2576 471 2660 praesentis
489 2578 579 2658 initii
596 2576 814 2669 intelligetur.
839 2568 1020 2650 Quaelibet
1028 2569 1126 2633 fami-

135 2676 187 2739 lia
201 2675 385 2741 sufficienti
405 2678 579 2763 diagnosi,
603 2693 637 2743 et
653 2678 817 2756 subnexis
836 2671 997 2739 brevibus
1016 2672 1125 2736 adno-

141 2778 345 2856 tationibus,
368 2802 532 2863 generum
561 2780 808 2855 dehiscentias,
831 2774 1126 2850 distributionem,

137 2893 176 2943 et
192 2880 507 2966 locupletationem,
530 2884 719 2947 universim
732 2878 979 2956 memorabilia,
999 2900 1127 2963 excep·
1231 2900 1233 2903 ·

142 2982 264 3060 tiones,
288 2985 464 3050 affinitates
484 3000 547 3050 etc.
570 2983 824 3069 attingentibus,
848 2981 1043 3047 illustratur.
1100 3040 1102 3046 .

231 3090 364 3151 Genera
382 3088 472 3172 ipsa,
499 3102 635 3173 praeter
655 3088 864 3172 diagnosim,
888 3083 1125 3167 indigitatione

144 3186 260 3253 elassis
278 3209 318 3253 ao
335 3190 463 3254 ordinis
484 3194 568 3273 Syst.
588 3185 791 3267 seijinn„
816 3187 951 3273 generis
968 3185 1126 3270 proxime
1229 3180 1237 3187 ’

144 3288 271 3366 affinis,
296 3304 330 3354 et
355 3292 650 3381 observationibus
675 3295 801 3359 criticis
821 3292 913 3356 circa
940 3287 1073 3374 copiam
1087 3297 1146 3361 ,οῖ’
1177 3299 1180 3305 ’

144 3390 419 3459 distributionem
439 3398 629 3482 specierum
654 3396 905 3479 systematicam
918 3386 1060 3477 pariter
1076 3398 1126 3452 at·
