2759 4159
1088 356 1131 425 25
1235 362 1250 446 ζ

48 550 51 559 ’
150 532 392 615 experimento
416 544 437 589 a
461 548 496 591 se
520 527 671 591 instituto
700 546 762 590 nos
779 524 956 603 informat,
980 541 1014 591 et
1028 527 1129 595 nobis

150 630 355 716 persuadet,
388 628 450 693 sub
468 629 535 693 suis
555 624 710 693 manibus
728 650 772 695 ex
786 628 971 695 seminibus
990 632 1029 696 R.
1047 637 1129 697 ceu·

150 734 281 797 tifeliae
301 732 513 797 verissimam
535 733 573 795 R.
597 730 828 815 rubiginosam
851 745 988 797 enatam·
1003 731 1130 798 luisse?

150 831 327 911 Profecto,
356 834 385 898 si
411 832 491 898 talia
518 832 792 911 admitteremus,
814 835 911 901 fateri
937 847 1131 919 oporteret,

149 939 283 1001 nullam
309 957 412 1021 porro
437 937 510 999 dari
534 939 643 1001 Rosae
670 937 899 1003 diversitatem
925 938 1129 1021 specificam.
1168 965 1172 973 ·

151 1042 188 1104 si
215 1054 329 1105 autem
357 1040 423 1103 hoo
450 1038 730 1117 defenderemus,
759 1038 924 1103 absonum
944 1045 977 1101 e't
994 1051 1129 1105 eontra·

71 1144 75 1151 '
151 1141 336 1207 dictoiium
354 1141 461 1217 foret',
493 1141 528 1207 iu
553 1153 603 1203 tot
627 1140 700 1205 aliis
729 1140 930 1225 generibus,
959 1140 1068 1205 veluti
1094 1142 1133 1208 iu

150 1245 275 1321 Erioa,
302 1248 454 1328 Cypero,
487 1243 625 1319 Carice,
653 1243 818 1319 Oxalide,
840 1242 1040 1326 Pelasgonio
1066 1256 1131 1309 etc.

149 1347 265 1432 plures
284 1347 415 1429 species
433 1344 624 1421 admittere,
649 1358 681 1407 et
699 1346 748 1411 sic
765 1344 902 1410 taudem
921 1346 981 1428 vix
998 1357 1133 1410 tercen-

149 1450 271 1513 tesima
293 1461 485 1515 nostrarum
512 1447 702 1531 specierum
727 1447 763 1511 in
789 1446 1025 1530 systematibus
1053 1469 1132 1531 pars

36 1532 44 1636 ζ
150 1562 321 1636 superstes
341 1562 504 1615 maneret.
528 1537 707 1633 Oporteret
727 1552 842 1633 itaque
861 1568 980 1613 omnes
998 1563 1130 1618 nostras

151 1652 427 1717 elucubrationes
438 1664 472 1717 et
483 1645 660 1717 methodos
679 1673 854 1738 respuere,
872 1664 906 1717 et
922 1652 1057 1736 penitus
1067 1671 1131 1714 no·

148 1778 191 1819 va
204 1755 383 1819 Botanices
401 1752 620 1817 fundamenta
635 1754 758 1839 jacere.
781 1753 891 1817 Verbo
910 1786 951 1805 -
970 1753 1132 1821 lactume

148 1860 194 1921 Le
211 1858 335 1921 leunio
354 1870 526 1921 narratum
545 1857 646 1921 -sit
670 1858 734 1923 rite
752 1856 967 1923 observatum
981 1876 1045 1924 uec
1065 1878 1130 1933 ne,
1192 1870 1195 1875 ·

148 1958 261 2051 nullus
280 1972 396 2025 tamen
414 1959 651 2025 uoranioorum
668 1959 704 2023 in
723 1979 765 2024 eo
780 1960 979 2036 consentiet,
996 1961 1035 2026 R.
1046 1979 1129 2026 cen—

147 2061 295 2128 tiloliam
313 2073 347 2125 et
364 2058 596 2145 rubiginosam
611 2083 683 2127 esse
702 2082 805 2129 uuam
822 2061 1035 2145 eandemque
1052 2081 1129 2145 spe-

149 2166 249 2227 ciem.
283 2164 339 2227 Sic
358 2163 496 2226 tandem
516 2176 549 2225 et
568 2177 697 2227 ceteras
716 2166 881 2229 Rosarum
906 2164 1038 2277 species
1064 2163 1130 2235 iure

148 2288 279 2329 munes
289 2287 423 2333 servare
442 2264 646 2349 opportebit,
661 2268 722 2333 etsi
741 2266 827 2332 forte
841 2262 929 2331 'olim
949 2264 1141 2353 *quisquam*

40 2408 47 2425 ,
151 2389 197 2431 ex
214 2367 402 2433 seminibus
427 2370 536 2433 Rosae
554 2367 693 2433 villosae
709 2372 835 2436 Rosam
856 2369 1129 2452 cinnamomeam

97 2478 120 2539 “,
149 2468 375 2554 produceret,
403 2470 519 2535 velli
545 2471 810 2586 spinosissimam
838 2492 857 2535 e
885 2449 1127 2536 seminibusll

150 2571 296 2656 alpinae
325 2573 462 2656 Species
483 2573 680 2657 originarias
704 2594 774 2639 nou
793 2571 1047 2655 cognoscimus,
1071 2590 1128 2634 ea·-
1210 2565 1213 2569 ⁸

148 2698 225 2739 rum
252 2693 334 2739 vero
361 2676 542 2759 progenies
566 2686 739 2760 utcunque
762 2672 1025 2757 degeneratione
1043 2643 1139 2762 alie-¹⁸
1221 2725 1227 2734 .

147 2790 245 2841 natas
262 2796 327 2860 pro
346 2776 512 2845 arbitrio
503 2791 550 2843 sta
568 2776 716 2843 solemus
738 2764 951 2851 discernere,
978 2786 1016 2838 ut
1039 2792 1123 2866 cou-

148 2879 370 2945 formationes
396 2881 517 2946 ceteris
545 2880 651 2963 magis
669 2888 879 2955 constantes,
902 2890 936 2940 et
956 2879 1044 2942 notis
1071 2898 1125 2940 es

29 3052 33 3061 ,
149 2979 349 3045 sentialibus
379 3002 450 3047 uon
481 2980 579 3049 facile
616 2979 848 3065 perscrutandis
879 2978 1127 3065 dignoscendas

82 3168 85 3177 ⁴
148 3102 211 3167 pro
230 3083 601 3168 specificirhabeamus,
621 3104 683 3168 pro
703 3082 920 3150 varietatibus
940 3095 1051 3145 autem
1068 3100 1128 3144 eas

149 3206 237 3268 quae
258 3187 294 3249 in
312 3188 446 3269 organis
464 3188 575 3251 nunus
593 3184 826 3252 essentialibus
842 3184 1010 3257 aberrant,
1033 3194 1066 3248 et
1075 3179 1125 3268 5²:

149 3285 215 3349 cile
233 3288 276 3351 ad
294 3300 416 3352 statum
436 3310 515 3354 suae
533 3289 660 3373 speciei
680 3286 869 3354 normalem
888 3292 921 3371 (e
941 3280 1124 3367 seminibus

150 3392 285 3472 natael)
307 3403 491 3458 revertunt.
537 3392 591 3459 Sic
612 3390 818 3461 admittimus
837 3388 1070 3457 diversitatem.
1083 3386 1123 3472 R,
1158 3421 1160 3424 ·
