2759 4159
394 535 400 546 ⁴
518 581 963 667 vaururrrus

262 743 300 804 R.
324 719 661 830 cinnamomeam'
691 719 796 822 quas
822 711 1091 822 aeturnum·
1115 710 1237 826 apud

258 921 260 926 .
343 858 613 923 Redouteum
641 875 718 952 pro
745 856 1147 953 talibusvenditat.

261 1053 296 1132 a)
319 1051 399 1111 flore
416 1046 578 1132 simplici:
600 1069 631 1113 v.
651 1048 690 1111 R.
710 1045 910 1112 fastuosam!

260 1155 295 1235 p)
316 1155 396 1214 flore
414 1149 537 1234 pleno:
568 1152 655 1214 hano
674 1140 757 1213 dicit
781 1171 801 1212 a
826 1151 932 1234 priori
949 1148 1044 1214 nullo
1068 1147 1134 1214 alio
1158 1171 1237 1216 mo·
1315 1156 1320 1164 '

302 1266 418 1318 mento
443 1253 510 1316 nisi
537 1251 675 1316 floribus
696 1250 810 1340 plenis
836 1251 982 1325 differre.
1011 1238 1095 1317 Cum
1117 1265 1237 1318 tamen

195 1429 199 1436 p
306 1359 423 1419 icones
440 1375 673 1438 comparamus
691 1375 723 1419 v.
743 1376 775 1437 g.
791 1343 865 1417 illas
879 1353 1058 1430 Redoutei‚
1079 1353 1235 1418 Androu-

304 1448 361 1535 sii,
392 1457 537 1541 Rossigii
550 1501 559 1533 ‚
574 1497 578 1502 -
592 1454 775 1540 Guimpelii
802 1456 970 1541 aliasque,
988 1441 1044 1519 ¹sat
1065 1454 1235 1522 notabiles

304 1559 522 1624 observamus
548 1557 757 1622 diversitates
783 1557 819 1621 in
833 1558 1096 1635 ramificatione‚
1123 1559 1159 1622 in
1180 1557 1238 1621 lo·-

197 1677 199 1685 ’
264 1685 267 1690 ·
305 1661 394 1726 liolis
414 1675 446 1724 et
465 1661 500 1723 in
519 1659 772 1726 northusun.
793 1653 1046 1738 cinnamomea!

167 1775 171 1785 '
260 1766 303 1847 ργ)
326 1761 519 1827 rubril'olia:
549 1764 587 1824 R.
613 1760 824 1826 rubriioliam
854 1763 1073 1848 exposuimus
1091 1773 1130 1826 ut
1157 1781 1236 1848 spe-

305 1868 394 1930 ciem
413 1860 635 1954 singularem,
655 1875 688 1926 et
704 1865 775 1928 sine
793 1866 1017 1929 haesitatione
1029 1864 1130 1926 etiam
1143 1884 1237 1931 nuno

304 1989 367 2054 pro
383 1967 443 2030 tali
462 1963 688 2030 declaramus:
711 1970 750 2031 R.
768 1955 944 2032 rubrilolia
962 1988 982 2029 a
999 1968 1039 2030 R.
1059 1963 1237 2032 cinnamo·

289 2091 384 2134 'mea
403 2067 489 2132 serie
507 2066 631 2144 differt,
651 2082 685 2132 et
704 2070 733 2132 si
751 2089 869 2134 omnes
889 2068 1042 2153 ejusdem
1061 2068 1171 2144 seriei,
1191 2066 1237 2139 ad

308 2193 409 2256 quam
431 2171 470 2232 ll.
497 2169 733 2274 cinnamoque
758 2171 864 2235 relata
880 2171 962 2246 fuit,
984 2170 1020 2232 in
1038 2177 1140 2232 unam
1159 2190 1237 2254 spa·
1261 2178 1264 2186 '
1327 2201 1332 2206 ·

310 2276 397 2338 ciem
415 2269 701 2349 coadunarentur,
719 2276 800 2336 tuuc
816 2276 854 2338 R.
870 2268 1046 2336 rubrilolia
1061 2267 1237 2336 nihilomi-
1327 2309 1331 2315 -

307 2372 626 2460 nuspersisteretut
644 2375 774 2458 species
789 2374 1047 2468 distinctissime.
1069 2371 1238 2440 Plurimae
1312 2367 1325 2408 '-

306 2481 394 2542 hanc
421 2477 622 2542 sententiam
646 2478 860 2541 auctoritates
884 2477 1101 2550 confirmant,
1128 2474 1236 2540 veluti
1322 2465 1337 2538 s

308 2573 474 2664 sanquine,
497 2575 735 2654 wiltunam,
758 2556 881 2655 loona,
904 2575 1116 2641 oecanmnu
1131 2590 1194 2640 eto.

174 2665 180 2675 ’
268 2685 297 2766 t)
319 2681 455 2766 glauca:
478 2682 570 2743 Hanc
590 2681 740 2765 speciem
763 2694 878 2766 utpote
897 2680 1049 2743 nondum
1068 2670 1237 2743 sufficien-

308 2798 360 2848 ter
386 2783 588 2869 descriptam
608 2796 640 2847 et
656 2778 754 2846 nobis
773 2782 968 2869 imperfecte
984 2782 1155 2865 cognitam
1175 2779 1238 2843 de-

310 2884 419 2947 dimus
443 2885 478 2945 in
499 2886 584 2947 serie
608 2885 834 2952 dubiosarum.
868 2885 904 2947 Si
918 2883 1004 2947 lorte
1031 2883 1085 2968 jus
1103 2883 1237 2966 specifi-

311 3007 389 3050 oum
409 2983 490 3046 olim
513 2987 689 3065 amitteret,
712 3001 792 3052 tunc
809 3000 846 3050 ut
860 2988 1003 3051 varietas
1023 2983 1164 3049 deberet
1181 3005 1237 3046 re-

206 3086 208 3093 ’
311 3086 391 3150 duci
407 3083 450 3147 ad
465 3087 503 3149 R.
519 3075 740 3167 rubriloliam‚
754 3109 928 3172 nunquam
945 3087 990 3151 ad
1006 3090 1045 3152 R.
1063 3087 1239 3150 cinnamo·

115 3255 116 3262 ,
228 3227 231 3235 ·
310 3209 432 3254 meam.

270 3297 297 3358 sl
321 3288 469 3376 majalis:
492 3309 523 3353 v.
544 3290 757 3375 singulariter
774 3292 976 3358 distinctam.
1085 3329 1092 3337 ’
1331 3373 1337 3383 ¹

270 3397 302 3480 ε)
325 3391 468 3458 blandas
490 3413 520 3458 v.
540 3394 579 3458 R.
595 3391 722 3460 blanda
739 3395 774 3459 in
791 3382 986 3490 speciebus(
1001 3395 1070 3462 suh
1087 3393 1240 3461 caulibus
1308 3411 1310 3416 ·
