2759 4159
314 806 888 951 ²roosuoouuua

479 1054 759 1071 m

13 1490 19 1517 ί
130 1344 352 1502 Clarissimi
375 1436 415 1479 ac
437 1414 626 1479 doctissimi
647 1415 723 1492 viri,
745 1415 950 1501 quibuscum
973 1430 1116 1483 conten-

131 1523 218 1587 dere
236 1522 403 1585 immensa
420 1520 593 1583 temeritas
609 1517 715 1596 soret,
737 1519 774 1581 in
787 1518 984 1605 redigendis
1004 1524 1117 1589 Gene-

132 1624 230 1691 ribus
250 1636 291 1696 ¹et
323 1602 510 1707 Speciebus
542 1620 735 1706 plantarum
763 1622 887 1685 misere
914 1635 1118 1707 torquentur

133 1728 354 1810 cogitatione,
373 1723 467 1809 quod
482 1722 576 1789 nulla'
592 1724 769 1816 industria,
786 1722 898 1788 nullus
913 1722 1117 1803 labor‚‚nul-

5 1904 7 1917 .
131 1828 205 1893 lum
225 1829 423 1912 ingenium,
445 1824 539 1892 nulla
565 1826 693 1890 auxilia
712 1821 878 1891 sufficiant
900 1827 1047 1913 adopus
1070 1827 1118 1891 ita
1167 1898 1170 1901 ,

5 1940 24 1965 “·
61 1982 66 1989 .
132 1930 401 2029 perficiendum,
420 1942 546 1993 utnon
564 1941 642 2015 post
661 1928 792 2012 aliquot
810 1930 1118 1994 annorumdecur-

133 2054 212 2098 sum
232 2051 392 2097 mancum
414 2044 447 2097 et
465 2030 585 2097 inutile
604 2031 672 2094 dici
692 2030 826 2095 debeat.
848 2033 899 2097 Ex
917 2031 1022 2097 altera
1037 2037 1117 2119 par-

83 2188 87 2196 .
134 2150 170 2205 te
186 2154 251 2219 pro
269 2118 339 2213 his,
370 2134 429 2219 qui
445 2132 569 2198 talibus
587 2132 683 2207 libris
699 2143 859 2210 utuntur,
886 2154 970 2198 onus
995 2147 1045 2197 cst
1063 2135 1116 2196 in-

131 2258 218 2322 gens
234 2250 268 2300 et
284 2238 433 2301 maxisne
450 2234 644 2313 molestum,
661 2235 789 2299 eisdem
807 2234 978 2311 abdicare,
993 2248 1027 2298 et
1039 2253 1116 2297 om-

128 2341 169 2403 ni
187 2340 258 2404 lere
278 2340 447 2403 decennio
467 2359 594 2403 novum
615 2359 713 2424 opus,
730 2340 843 2425 pretio
863 2336 1053 2423 deperdito,
1071 2336 1117 2399 si-

128 2440 167 2505 bi
187 2462 383 2527 comparare
404 2440 541 2505 debere.

142 2592 148 2600 1
239 2546 385 2610 Unicum
410 2544 503 2608 hisce
530 2544 675 2609 miseriis
703 2540 905 2608 cohibendis
923 2539 1116 2607 remedium

129 2668 195 2732 par
214 2660 283 2723 est;
307 2645 403 2731 quod
419 2647 580 2711 nimirum
599 2648 635 2709 in
653 2644 824 2710 schedulis
840 2641 1024 2707 mobilibus
1035 2645 1115 2708 cui-

131 2750 184 2814 vis
202 2749 322 2833 generi
340 2759 373 2811 et
392 2749 519 2834 speciei
538 2747 656 2835 dicatis
673 2747 835 2811 consistit.
859 2747 914 2810 Sic
931 2748 1022 2827 euim
1039 2768 1114 2811 om·
1213 2831 1214 2834 Ἴ

130 2852 169 2915 ni
189 2865 356 2935 tempore,
380 2848 506 2937 absque
526 2848 596 2915 ulla
621 2850 723 2913 totius
744 2850 955 2913 senescentia
976 2846 1032 2915 vel
1052 2850 1113 2912 de-
1212 2835 1213 2840 ἵ

129 2955 321 3037 rogatione,
345 2972 434 3019 nova
452 2954 556 3018 inseri
576 2964 608 3017 et
628 2971 771 3017 erronea
787 2950 1040 3032 vellalienauda
1056 2972 1113 3016 so·

131 3055 166 3121 la
182 3054 422 3120 schedularum
441 3054 570 3141 aliquot
595 3056 845 3141 permutatione
865 3055 1039 3121 emendari
1055 3066 1114 3119 aut

133 3158 257 3223 melius
274 3158 386 3243 redigi
402 3166 553 3243 possunt.
576 3154 645 3231 llac
663 3173 776 3224 autem
790 3158 920 3222 ratione
937 3157 1112 3241 integritas

132 3264 246 3345 operis
264 3280 334 3324 non
354 3260 458 3325 modo
474 3280 648 3347 nimquam
670 3262 892 3349 depravatur,
919 3260 980 3324 sed
997 3260 1111 3343 potius

69 3398 90 3434 ,·
130 3361 172 3425 dc
193 3362 248 3425 die
269 3365 305 3427 in
324 3364 416 3429 diem
434 3364 541 3450 magis
561 3367 794 3443 confirmatur,
822 3365 913 3431 vitiis
939 3383 1109 3449 expurga·

169 3468 291 3529 Ρ.Ι.’
738 3528 741 3534 ,
869 3471 940 3551 (ι)
999 3510 1006 3527 .
