2759 4159
101 354 103 357 ·
230 361 369 429 a·
503 345 951 423 enumerentur.

257 552 328 597 non
345 528 464 607 literis,
481 530 542 595 sed
560 530 712 599 numeris
730 528 876 596 arabicis
893 532 1146 618 consignamur.
1170 540 1240 601 ros
1295 576 1303 589 ·

180 698 182 709 ,
258 658 393 701 morum
411 655 571 699 numerus
589 632 694 717 signis
712 634 862 698 romanis
883 623 1070 702 iudicatura
1084 638 1240 703 Tandem
1267 716 1272 724 ‚

257 738 440 805 schedulae
459 738 572 821 ipsae,
594 737 630 801 in
650 736 770 821 quovis
787 750 900 815 tomo,
928 760 950 801 a
964 760 1112 805 numero
1125 742 1242 824 primo
1355 772 1364 785 ·

155 863 157 868 ·
257 839 471 935 incipiendo,
491 838 681 925 signandae¹
695 851 782 903 sunt.
806 841 952 918 Quaevis
972 864 1053 927 ergo
1073 841 1242 908 schedula

257 957 402 1029 quatuor
418 941 549 1006 inferne
573 942 790 1031 distinguitur
805 944 930 1027 signis,
947 944 1091 1019 sedita,
1112 958 1149 1008 ut
1165 945 1241 1029 pri-2

256 1068 351 1111 mum
369 1045 494 1108 distans
514 1046 556 1108 sit
569 1066 730 1111 numerus
744 1044 939 1120 schedulae,
954 1046 1143 1111 secundum
1159 1045 1240 1110 lite-

255 1170 295 1230 re
312 1148 442 1233 Operis,
459 1148 595 1213 tertium
613 1166 775 1213 uumerus
794 1149 880 1212 tomi
898 1168 1071 1225 romanus,
1092 1161 1128 1213 et
1135 1170 1241 1233 quar-
1315 1135 1319 1141 ¹
1338 1138 1344 1154 ’

256 1236 329 1314 tiam
346 1271 506 1315 numerus
525 1249 614 1327 lolii3
633 1260 661 1315 e.
676 1272 726 1336 gr.
743 1250 794 1328 64.
813 1255 845 1313 S.
862 1254 902 1315 ll.
918 1252 949 1316 8.
966 1253 1032 1315 hoc
1051 1264 1117 1315 est:
1135 1252 1242 1315 Sche-·

257 1352 338 1416 dula
365 1354 575 1439 sexagesima
595 1366 714 1439 quarta
741 1354 777 1417 in
803 1352 931 1436 synodi
953 1366 1048 1417 tomo
1068 1352 1252 1445 secundos

256 1455 376 1521 lolium
392 1456 496 1533 avum3
519 1454 575 1555 vel
595 1466 644 1531 24.
658 1455 697 1519 ll.
712 1456 754 1518 V,
770 1456 801 1521 3.
820 1458 852 1519 b.
870 1477 900 1519 c.
918 1454 1092 1520 schedula
1111 1455 1240 1538 vigesi-

233 1574 235 1577 ·
256 1576 313 1621 ma
332 1570 450 1643 quarta
468 1560 503 1622 in
522 1558 839 1623 Additamentorum
858 1572 953 1623 tomo
972 1559 1121 1643 quinto,
1153 1554 1238 1619 lolio

214 1691 216 1706 =
258 1662 370 1724 tertio.
395 1682 406 1721 -t
460 1661 488 1713 ’.
1101 1716 1104 1720 ,

216 1745 219 1755 ’
265 1808 298 1850 ·.
342 1766 412 1829 llac
431 1758 639 1850 institutione
650 1783 728 1829 ,uon
748 1763 852 1827 modo
872 1762 987 1855 omnia
1002 1750 1238 1825 facillimein‘·

255 1866 334 1941 seri,
346 1865 497 1951 dispersa
513 1866 549 1928 in
566 1865 723 1931 ordinem
731 1868 911 1955 pristinum
924 1866 1068 1940 restitui,
1088 1878 1238 1949 etquae·

257 1966 342 2029 libet
359 1966 568 2051 perturbatio
586 1969 698 2052 primo
718 1969 840 2033 intuitu
857 1968 982 2053 detegi,
993 1967 1056 2032 sed
1070 1979 1104 2029 et
1120 1988 1238 2049 emen·

259 2068 413 2133 dationes
432 2082 465 2133 et
480 2090 569 2134 nova
588 2092 608 2131 a
627 2070 801 2154 primitivo
819 2069 937 2134 labore
960 2070 1058 2133 omni
1081 2082 1237 2153 tempore

259 2170 410 2234 discerni
431 2184 610 2255 poterunt,
645 2185 680 2235 et
704 2174 829 2236 iterum
852 2194 915 2258 pro
939 2170 1051 2237 lubitu
1071 2171 1237 2255 separari.

194 2335 198 2339 .
258 2274 370 2350 Loca,
393 2272 453 2338 ubi
477 2272 661 2339 schedulae
682 2274 884 2344 inserendae
904 2274 968 2339 ‘vel
991 2272 1238 2359 permutandae

259 2389 378 2455 crunt,
402 2376 652 2441 accuratissime
672 2377 708 2441 iu
723 2378 885 2462 proemiis
903 2376 1151 2462 cujusvistomi
1170 2374 1240 2438 nd·
1298 2405 1322 2433 ιε
1363 2376 1374 2416 ’·

169 2478 172 2483 ’
251 2479 522 2544 ditameutorum
537 2476 797 2555 indicabuntur3
819 2481 869 2543 sic
888 2501 953 2565 pro
968 2478 1128 2562 exemplo
1143 2477 1240 2541 dice·
1282 2499 1286 2505 ’
1337 2474 1351 2487 ”

258 2594 331 2645 tur:
356 2580 525 2647 schedula
539 2600 700 2665 praeseus
718 2580 1037 2660 Additamentorum
1059 2578 1242 2644 inserenda

218 2686 219 2701 ¹
258 2685 363 2746 estin
384 2685 511 2767 Synodi
530 2697 623 2749 tomo
645 2686 718 2751 vlto
741 2684 831 2749 inter
849 2684 1048 2756 schedulam
1069 2684 1184 2753 assam
1205 2694 1240 2747 et
1314 2680 1333 2701 ”

262 2785 378 2850 »aotam
399 2788 471 2852 vel:
495 2790 580 2852 haec
606 2772 771 2853 schedula
787 2773 1105 2852 Additamentorum
1124 2786 1160 2849 in
1185 2783 1240 2848 lo÷
1291 2774 1303 2792 '

245 2903 339 2949 'cum
365 2888 546 2953 schedulae
573 2892 663 2977 7ssvas
686 2891 772 2956 tomi
787 2893 868 2955 fflui
883 2890 1028 2971 synodi,
1048 2886 1239 2966 delendae,

259 2988 441 3071 inserenda
458 3004 524 3067 est;
545 2992 617 3057 vel:
641 3014 768 3079 genere
785 2996 866 3079 (hoc
881 2993 937 3057 vel
951 2993 1025 3076 illo)
1040 2994 1077 3057 iu
1097 2991 1165 3055 duo
1183 2989 1238 3055 se.-

257 3104 398 3176 parato,
418 3096 547 3176 species
571 3096 741 3161 schedulis
757 3096 817 3172 54,
838 3096 899 3171 55,
923 3095 966 3161 56
983 3109 1016 3159 et
1035 3096 1074 3181 57
1091 3096 1127 3158 iu
1142 3107 1239 3157 tomo
1280 3158 1286 3166 ,

258 3198 339 3261 xm
350 3195 478 3279 synodi
497 3197 685 3283 descriptae
704 3197 944 3274 sublevandae,
962 3212 1002 3283 ,et
1017 3201 1138 3262 horum
1159 3196 1239 3285 loco

259 3314 388 3365 novum
406 3320 512 3383 genus
530 3321 608 3367 cum
625 3302 805 3386 speciebus
827 3341 844 3351 -
864 3340 883 3351 -
902 3326 921 3350 ‘-
941 3299 1238 3385 schedulis58,39,

262 3414 313 3481 40,
337 3414 389 3482 41,
413 3414 464 3484 42,
487 3405 574 3493 tomi
590 3408 633 3473 iv
652 3404 967 3473 Additamentorum
984 3406 1073 3470 inter
1090 3400 1240 3469 schedu-
