<?xml version="1.0" encoding="UTF-8"?>
<!DOCTYPE html PUBLIC "-//W3C//DTD XHTML 1.0 Transitional//EN"
    "http://www.w3.org/TR/xhtml1/DTD/xhtml1-transitional.dtd">
<html xmlns="http://www.w3.org/1999/xhtml" xml:lang="en" lang="en">
 <head>
  <title>
</title>
<meta http-equiv="Content-Type" content="text/html;charset=utf-8" />
  <meta name='ocr-system' content='tesseract 3.04.00' />
  <meta name='ocr-capabilities' content='ocr_page ocr_carea ocr_par ocr_line ocrx_word'/>
</head>
<body>
  <div class='ocr_page' id='page_1' title='image "./rosacearummonog02tratgoog_0042.png"; bbox 0 0 2759 4159; ppageno 0'>
   <div class='ocr_carea' id='block_1_1' title="bbox 420 374 1234 455">
    <p class='ocr_par' dir='ltr' id='par_1_1' title="bbox 420 374 1234 455">
     <span class='ocr_line' id='line_1_1' title="bbox 420 374 1234 455; baseline 0.016 -10"><span class='ocrx_word' id='word_1_1' title='bbox 420 374 839 445; x_wconf 76' lang='lat' dir='ltr'><strong>PROLEGOMENA·</strong></span> <span class='ocrx_word' id='word_1_2' title='bbox 1083 379 1121 455; x_wconf 71' lang='grc' dir='ltr'>ιδ</span> <span class='ocrx_word' id='word_1_3' title='bbox 1229 394 1234 405; x_wconf 92' lang='grc'><strong><em>’</em></strong></span> 
     </span>
    </p>
   </div>
   <div class='ocr_carea' id='block_1_2' title="bbox 137 534 1120 641">
    <p class='ocr_par' dir='ltr' id='par_1_2' title="bbox 137 534 1120 641">
     <span class='ocr_line' id='line_1_2' title="bbox 137 534 1120 641; baseline 0.008 -24"><span class='ocrx_word' id='word_1_4' title='bbox 137 554 284 641; x_wconf 81' lang='lat' dir='ltr'>gebunt,</span> <span class='ocrx_word' id='word_1_5' title='bbox 308 565 342 617; x_wconf 87' lang='lat' dir='ltr'>et</span> <span class='ocrx_word' id='word_1_6' title='bbox 359 556 521 617; x_wconf 85' lang='lat' dir='ltr'>Batanica</span> <span class='ocrx_word' id='word_1_7' title='bbox 540 554 603 615; x_wconf 89' lang='lat' dir='ltr'>hac</span> <span class='ocrx_word' id='word_1_8' title='bbox 622 534 754 616; x_wconf 88' lang='lat' dir='ltr'>ratione</span> <span class='ocrx_word' id='word_1_9' title='bbox 773 554 863 617; x_wconf 83' lang='lat' dir='ltr'>iuter</span> <span class='ocrx_word' id='word_1_10' title='bbox 890 572 1009 621; x_wconf 88' lang='lat' dir='ltr'>omnes</span> <span class='ocrx_word' id='word_1_11' title='bbox 1034 573 1120 626; x_wconf 85' lang='lat' dir='ltr'>artes</span> 
     </span>
    </p>
   </div>
   <div class='ocr_carea' id='block_1_3' title="bbox 13 655 1121 749">
    <p class='ocr_par' dir='ltr' id='par_1_3' title="bbox 13 655 1121 749">
     <span class='ocr_line' id='line_1_3' title="bbox 13 655 1121 749; baseline 0.005 -26"><span class='ocrx_word' id='word_1_12' title='bbox 13 655 48 749; x_wconf 21' lang='grc' dir='ltr'>ἰ</span> <span class='ocrx_word' id='word_1_13' title='bbox 135 672 243 743; x_wconf 85' lang='lat' dir='ltr'>atque</span> <span class='ocrx_word' id='word_1_14' title='bbox 261 658 419 721; x_wconf 74' lang='lat' dir='ltr'><strong>scientias</strong></span> <span class='ocrx_word' id='word_1_15' title='bbox 445 656 556 740; x_wconf 89' lang='lat' dir='ltr'>prima</span> <span class='ocrx_word' id='word_1_16' title='bbox 584 657 667 731; x_wconf 86' lang='lat' dir='ltr'>erit,</span> <span class='ocrx_word' id='word_1_17' title='bbox 688 672 776 740; x_wconf 83' lang='lat' dir='ltr'>quae</span> <span class='ocrx_word' id='word_1_18' title='bbox 800 656 970 722; x_wconf 87' lang='lat' dir='ltr'>summum</span> <span class='ocrx_word' id='word_1_19' title='bbox 991 658 1121 743; x_wconf 82' lang='lat' dir='ltr'>gloriae</span> 
     </span>
    </p>
   </div>
   <div class='ocr_carea' id='block_1_4' title="bbox 137 757 1120 847">
    <p class='ocr_par' dir='ltr' id='par_1_4' title="bbox 137 757 1120 847">
     <span class='ocr_line' id='line_1_4' title="bbox 137 757 1120 847; baseline 0.002 -22"><span class='ocrx_word' id='word_1_20' title='bbox 137 780 306 825; x_wconf 82' lang='lat' dir='ltr'><strong>cacumen</strong></span> <span class='ocrx_word' id='word_1_21' title='bbox 326 759 552 845; x_wconf 80' lang='lat' dir='ltr'>adipiscetur,</span> <span class='ocrx_word' id='word_1_22' title='bbox 580 757 624 821; x_wconf 89' lang='lat' dir='ltr'>ad</span> <span class='ocrx_word' id='word_1_23' title='bbox 651 780 754 843; x_wconf 86' lang='lat' dir='ltr'>quem</span> <span class='ocrx_word' id='word_1_24' title='bbox 781 776 932 843; x_wconf 86' lang='lat' dir='ltr'>unquam</span> <span class='ocrx_word' id='word_1_25' title='bbox 951 782 1037 847; x_wconf 85' lang='lat' dir='ltr'>opus</span> <span class='ocrx_word' id='word_1_26' title='bbox 1057 766 1120 827; x_wconf 92' lang='lat' dir='ltr'>ho-</span> 
     </span>
    </p>
   </div>
   <div class='ocr_carea' id='block_1_5' title="bbox 96 861 598 946">
    <p class='ocr_par' dir='ltr' id='par_1_5' title="bbox 3 861 598 946">
     <span class='ocr_line' id='line_1_5' title="bbox 96 861 598 946; baseline 0.005 -24.531"><span class='ocrx_word' id='word_1_27' title='bbox 96 922 101 926; x_wconf 84' lang='lat'><em>.</em></span> <span class='ocrx_word' id='word_1_28' title='bbox 123 863 270 937; x_wconf 44' lang='lat' dir='ltr'>,n‘rinnm</span> <span class='ocrx_word' id='word_1_29' title='bbox 288 861 453 926; x_wconf 76' lang='lat' dir='ltr'>accedere</span> <span class='ocrx_word' id='word_1_30' title='bbox 476 873 598 946; x_wconf 88' lang='lat' dir='ltr'>potest.</span> 
     </span>
    </p>
   </div>
   <div class='ocr_carea' id='block_1_6' title="bbox 136 947 1183 1358">
    <p class='ocr_par' dir='ltr' id='par_1_6' title="bbox 136 947 1183 1358">
     <span class='ocr_line' id='line_1_6' title="bbox 223 947 1183 1052; baseline 0.004 -25"><span class='ocrx_word' id='word_1_31' title='bbox 223 967 298 1027; x_wconf 85' lang='lat' dir='ltr'>Non</span> <span class='ocrx_word' id='word_1_32' title='bbox 321 964 434 1028; x_wconf 88' lang='lat' dir='ltr'>desint</span> <span class='ocrx_word' id='word_1_33' title='bbox 463 964 547 1028; x_wconf 89' lang='lat' dir='ltr'>huic·</span> <span class='ocrx_word' id='word_1_34' title='bbox 567 965 674 1047; x_wconf 89' lang='lat' dir='ltr'>operi,</span> <span class='ocrx_word' id='word_1_35' title='bbox 699 984 787 1049; x_wconf 83' lang='lat' dir='ltr'>qnae</span> <span class='ocrx_word' id='word_1_36' title='bbox 808 987 828 1027; x_wconf 91' lang='lat' dir='ltr'>a</span> <span class='ocrx_word' id='word_1_37' title='bbox 842 963 997 1051; x_wconf 85' lang='lat' dir='ltr'>plenario</span> <span class='ocrx_word' id='word_1_38' title='bbox 1015 988 1121 1052; x_wconf 83' lang='lat' dir='ltr'>gene·</span> <span class='ocrx_word' id='word_1_39' title='bbox 1142 947 1148 952; x_wconf 36' lang='lat'><em>-</em></span> <span class='ocrx_word' id='word_1_40' title='bbox 1173 953 1183 969; x_wconf 69' lang='grc'><strong>’</strong></span> 
     </span>
     <span class='ocr_line' id='line_1_7' title="bbox 138 1066 1120 1153; baseline 0.001 -21"><span class='ocrx_word' id='word_1_41' title='bbox 138 1088 220 1133; x_wconf 88' lang='lat' dir='ltr'>rum</span> <span class='ocrx_word' id='word_1_42' title='bbox 238 1081 273 1139; x_wconf 80' lang='lat' dir='ltr'>et</span> <span class='ocrx_word' id='word_1_43' title='bbox 289 1068 480 1153; x_wconf 83' lang='lat' dir='ltr'>specierum</span> <span class='ocrx_word' id='word_1_44' title='bbox 498 1078 644 1130; x_wconf 85' lang='lat' dir='ltr'>catastro</span> <span class='ocrx_word' id='word_1_45' title='bbox 659 1066 845 1130; x_wconf 88' lang='lat' dir='ltr'>desiderari</span> <span class='ocrx_word' id='word_1_46' title='bbox 861 1074 1120 1141; x_wconf 86' lang='lat' dir='ltr'>consueverunt!</span> 
     </span>
     <span class='ocr_line' id='line_1_8' title="bbox 138 1156 1170 1248; baseline -0.001 -14"><span class='ocrx_word' id='word_1_47' title='bbox 138 1174 216 1235; x_wconf 77' lang='lat' dir='ltr'>Non</span> <span class='ocrx_word' id='word_1_48' title='bbox 240 1170 350 1234; x_wconf 87' lang='lat' dir='ltr'>deerit</span> <span class='ocrx_word' id='word_1_49' title='bbox 370 1168 582 1233; x_wconf 85' lang='lat' dir='ltr'>Bibliotheca</span> <span class='ocrx_word' id='word_1_50' title='bbox 599 1168 778 1247; x_wconf 78' lang='lat' dir='ltr'>butanica,</span> <span class='ocrx_word' id='word_1_51' title='bbox 804 1168 1043 1248; x_wconf 78' lang='lat' dir='ltr'>fundamenta,</span> <span class='ocrx_word' id='word_1_52' title='bbox 1068 1174 1121 1234; x_wconf 90' lang='lat' dir='ltr'>hi·</span> <span class='ocrx_word' id='word_1_53' title='bbox 1164 1156 1170 1162; x_wconf 42' lang='lat'><em>⁶</em></span> 
     </span>
     <span class='ocr_line' id='line_1_9' title="bbox 136 1261 1122 1358; baseline 0.002 -21"><span class='ocrx_word' id='word_1_54' title='bbox 136 1275 244 1338; x_wconf 85' lang='lat' dir='ltr'>storia</span> <span class='ocrx_word' id='word_1_55' title='bbox 264 1286 329 1337; x_wconf 91' lang='lat' dir='ltr'>etc.</span> <span class='ocrx_word' id='word_1_56' title='bbox 353 1272 432 1349; x_wconf 85' lang='lat' dir='ltr'>Sed,</span> <span class='ocrx_word' id='word_1_57' title='bbox 454 1292 532 1335; x_wconf 87' lang='lat' dir='ltr'>cum</span> <span class='ocrx_word' id='word_1_58' title='bbox 549 1261 725 1334; x_wconf 88' lang='lat' dir='ltr'>volumina</span> <span class='ocrx_word' id='word_1_59' title='bbox 741 1273 826 1341; x_wconf 85' lang='lat' dir='ltr'>baec</span> <span class='ocrx_word' id='word_1_60' title='bbox 848 1273 1001 1358; x_wconf 87' lang='lat' dir='ltr'>alioquin</span> <span class='ocrx_word' id='word_1_61' title='bbox 1016 1296 1122 1358; x_wconf 85' lang='lat' dir='ltr'>parva</span> 
     </span>
    </p>
   </div>
   <div class='ocr_carea' id='block_1_7' title="bbox 24 1372 1119 1461">
    <p class='ocr_par' dir='ltr' id='par_1_7' title="bbox 24 1372 1119 1461">
     <span class='ocr_line' id='line_1_10' title="bbox 24 1372 1119 1461; baseline 0.001 -22"><span class='ocrx_word' id='word_1_62' title='bbox 24 1414 27 1421; x_wconf 73' lang='lat'>,</span> <span class='ocrx_word' id='word_1_63' title='bbox 136 1378 223 1451; x_wconf 85' lang='lat' dir='ltr'>sint,</span> <span class='ocrx_word' id='word_1_64' title='bbox 247 1389 281 1439; x_wconf 87' lang='lat' dir='ltr'>et</span> <span class='ocrx_word' id='word_1_65' title='bbox 305 1374 348 1439; x_wconf 90' lang='lat' dir='ltr'>ab</span> <span class='ocrx_word' id='word_1_66' title='bbox 379 1375 477 1437; x_wconf 90' lang='lat' dir='ltr'>initio</span> <span class='ocrx_word' id='word_1_67' title='bbox 500 1384 651 1437; x_wconf 87' lang='lat' dir='ltr'>nostram</span> <span class='ocrx_word' id='word_1_68' title='bbox 675 1373 916 1452; x_wconf 87' lang='lat' dir='ltr'>intentionem,</span> <span class='ocrx_word' id='word_1_69' title='bbox 938 1372 1119 1461; x_wconf 74' lang='lat' dir='ltr'>operisque</span> 
     </span>
    </p>
   </div>
   <div class='ocr_carea' id='block_1_8' title="bbox 74 1476 1134 2384">
    <p class='ocr_par' dir='ltr' id='par_1_8' title="bbox 128 1476 1134 1872">
     <span class='ocr_line' id='line_1_11' title="bbox 132 1476 1120 1563; baseline 0.002 -22"><span class='ocrx_word' id='word_1_70' title='bbox 132 1480 242 1543; x_wconf 88' lang='lat' dir='ltr'>totius</span> <span class='ocrx_word' id='word_1_71' title='bbox 270 1477 384 1541; x_wconf 87' lang='lat' dir='ltr'>ideam</span> <span class='ocrx_word' id='word_1_72' title='bbox 416 1476 542 1540; x_wconf 79' lang='lat' dir='ltr'>referre</span> <span class='ocrx_word' id='word_1_73' title='bbox 570 1480 802 1561; x_wconf 80' lang='lat' dir='ltr'>opportuerit,</span> <span class='ocrx_word' id='word_1_74' title='bbox 828 1477 1039 1541; x_wconf 81' lang='lat' dir='ltr'>haec&#39;nobis</span> <span class='ocrx_word' id='word_1_75' title='bbox 1056 1498 1120 1563; x_wconf 88' lang='lat' dir='ltr'>pro</span> 
     </span>
     <span class='ocr_line' id='line_1_12' title="bbox 138 1578 1120 1665; baseline 0.001 -20"><span class='ocrx_word' id='word_1_76' title='bbox 138 1578 215 1645; x_wconf 74' lang='lat' dir='ltr'>aliis</span> <span class='ocrx_word' id='word_1_77' title='bbox 233 1579 417 1646; x_wconf 80' lang='lat' dir='ltr'>acrioribus</span> <span class='ocrx_word' id='word_1_78' title='bbox 432 1579 810 1665; x_wconf 81' lang='lat' dir='ltr'>reservamus,&#39;quando</span> <span class='ocrx_word' id='word_1_79' title='bbox 827 1587 953 1665; x_wconf 83' lang='lat' dir='ltr'>nempe</span> <span class='ocrx_word' id='word_1_80' title='bbox 972 1581 1120 1646; x_wconf 76' lang='lat' dir='ltr'>familiae</span> 
     </span>
     <span class='ocr_line' id='line_1_13' title="bbox 128 1669 1134 1769; baseline 0 -22"><span class='ocrx_word' id='word_1_81' title='bbox 128 1683 199 1747; x_wconf 69' lang='lat' dir='ltr'>*vel</span> <span class='ocrx_word' id='word_1_82' title='bbox 223 1684 358 1768; x_wconf 84' lang='lat' dir='ltr'>generis</span> <span class='ocrx_word' id='word_1_83' title='bbox 386 1683 528 1746; x_wconf 88' lang='lat' dir='ltr'>minoris</span> <span class='ocrx_word' id='word_1_84' title='bbox 555 1680 724 1756; x_wconf 76' lang='lat' dir='ltr'>absolutio</span> <span class='ocrx_word' id='word_1_85' title='bbox 754 1684 900 1768; x_wconf 88' lang='lat' dir='ltr'>spatium</span> <span class='ocrx_word' id='word_1_86' title='bbox 911 1684 919 1702; x_wconf 73' lang='lat'>³</span> <span class='ocrx_word' id='word_1_87' title='bbox 932 1669 1134 1769; x_wconf 76' lang='lat' dir='ltr'>relinquet,</span> 
     </span>
     <span class='ocr_line' id='line_1_14' title="bbox 140 1768 1119 1872; baseline 0.002 -25"><span class='ocrx_word' id='word_1_88' title='bbox 140 1805 215 1849; x_wconf 89' lang='lat' dir='ltr'>non</span> <span class='ocrx_word' id='word_1_89' title='bbox 233 1788 344 1851; x_wconf 87' lang='lat' dir='ltr'>statim</span> <span class='ocrx_word' id='word_1_90' title='bbox 357 1768 442 1862; x_wconf 69' lang='lat' dir='ltr'>alio,</span> <span class='ocrx_word' id='word_1_91' title='bbox 458 1785 618 1869; x_wconf 88' lang='lat' dir='ltr'>proximo</span> <span class='ocrx_word' id='word_1_92' title='bbox 637 1785 738 1848; x_wconf 90' lang='lat' dir='ltr'>nimis</span> <span class='ocrx_word' id='word_1_93' title='bbox 755 1785 881 1871; x_wconf 90' lang='lat' dir='ltr'>amplo,</span> <span class='ocrx_word' id='word_1_94' title='bbox 898 1785 1119 1872; x_wconf 87' lang='lat' dir='ltr'>explendum.</span> 
     </span>
    </p>

    <p class='ocr_par' dir='ltr' id='par_1_9' title="bbox 74 1885 1122 2384">
     <span class='ocr_line' id='line_1_15' title="bbox 226 1885 1121 1953; baseline 0 -1"><span class='ocrx_word' id='word_1_95' title='bbox 226 1888 474 1953; x_wconf 89' lang='lat' dir='ltr'>Illustrissimus</span> <span class='ocrx_word' id='word_1_96' title='bbox 497 1885 583 1950; x_wconf 82' lang='lat' dir='ltr'>Prol.</span> <span class='ocrx_word' id='word_1_97' title='bbox 605 1887 815 1951; x_wconf 89' lang='lat' dir='ltr'>Decandolle</span> <span class='ocrx_word' id='word_1_98' title='bbox 838 1890 874 1950; x_wconf 94' lang='lat' dir='ltr'>in</span> <span class='ocrx_word' id='word_1_99' title='bbox 897 1890 1121 1952; x_wconf 88' lang='lat' dir='ltr'>introductio-</span> 
     </span>
     <span class='ocr_line' id='line_1_16' title="bbox 138 1978 1121 2075; baseline 0.001 -21"><span class='ocrx_word' id='word_1_100' title='bbox 138 2012 185 2055; x_wconf 89' lang='lat' dir='ltr'>ne</span> <span class='ocrx_word' id='word_1_101' title='bbox 204 1990 248 2054; x_wconf 88' lang='lat' dir='ltr'>ad</span> <span class='ocrx_word' id='word_1_102' title='bbox 274 2012 373 2055; x_wconf 87' lang='lat' dir='ltr'>suum</span> <span class='ocrx_word' id='word_1_103' title='bbox 389 1978 542 2072; x_wconf 83' lang='lat' dir='ltr'>systema</span> <span class='ocrx_word' id='word_1_104' title='bbox 557 1989 710 2053; x_wconf 80' lang='lat' dir='ltr'>nattuale</span> <span class='ocrx_word' id='word_1_105' title='bbox 728 1989 844 2075; x_wconf 89' lang='lat' dir='ltr'>plures</span> <span class='ocrx_word' id='word_1_106' title='bbox 855 1991 1121 2056; x_wconf 68' lang='lat' dir='ltr'>⁴abbrevationes</span> 
     </span>
     <span class='ocr_line' id='line_1_17' title="bbox 74 2085 1122 2177; baseline -0.001 -20"><span class='ocrx_word' id='word_1_107' title='bbox 74 2144 78 2149; x_wconf 89' lang='lat'><em>.</em></span> <span class='ocrx_word' id='word_1_108' title='bbox 142 2114 321 2177; x_wconf 81' lang='lat' dir='ltr'>novasque</span> <span class='ocrx_word' id='word_1_109' title='bbox 357 2085 472 2157; x_wconf 82' lang='lat' dir='ltr'>literas</span> <span class='ocrx_word' id='word_1_110' title='bbox 506 2089 778 2177; x_wconf 80' lang='lat' dir='ltr'>hieroglyghicas</span> <span class='ocrx_word' id='word_1_111' title='bbox 812 2093 978 2158; x_wconf 82' lang='lat' dir='ltr'>exhibuit.</span> <span class='ocrx_word' id='word_1_112' title='bbox 1021 2096 1122 2157; x_wconf 85' lang='lat' dir='ltr'>Hisce</span> 
     </span>
     <span class='ocr_line' id='line_1_18' title="bbox 89 2192 1121 2281; baseline -0.001 -22"><span class='ocrx_word' id='word_1_113' title='bbox 89 2209 93 2212; x_wconf 82' lang='lat'>&#39;</span> <span class='ocrx_word' id='word_1_114' title='bbox 142 2196 249 2271; x_wconf 88' lang='lat' dir='ltr'>omni,</span> <span class='ocrx_word' id='word_1_115' title='bbox 272 2216 339 2280; x_wconf 88' lang='lat' dir='ltr'>qua</span> <span class='ocrx_word' id='word_1_116' title='bbox 355 2192 568 2281; x_wconf 79' lang='lat' dir='ltr'>opportebat,</span> <span class='ocrx_word' id='word_1_117' title='bbox 592 2196 777 2259; x_wconf 80' lang='lat' dir='ltr'>attentione</span> <span class='ocrx_word' id='word_1_118' title='bbox 794 2196 1027 2273; x_wconf 76' lang='lat' dir='ltr'>consideratis,</span> <span class='ocrx_word' id='word_1_119' title='bbox 1043 2195 1121 2280; x_wconf 90' lang='lat' dir='ltr'>plu-</span> 
     </span>
     <span class='ocr_line' id='line_1_19' title="bbox 141 2297 1121 2384; baseline -0.004 -22"><span class='ocrx_word' id='word_1_120' title='bbox 141 2319 199 2363; x_wconf 82' lang='lat' dir='ltr'>res</span> <span class='ocrx_word' id='word_1_121' title='bbox 216 2297 325 2362; x_wconf 87' lang='lat' dir='ltr'>adhuc</span> <span class='ocrx_word' id='word_1_122' title='bbox 342 2297 545 2361; x_wconf 85' lang='lat' dir='ltr'>videbantur</span> <span class='ocrx_word' id='word_1_123' title='bbox 563 2299 716 2383; x_wconf 89' lang='lat' dir='ltr'>reposci,</span> <span class='ocrx_word' id='word_1_124' title='bbox 737 2309 869 2384; x_wconf 90' lang='lat' dir='ltr'>paucae</span> <span class='ocrx_word' id='word_1_125' title='bbox 892 2297 977 2362; x_wconf 87' lang='lat' dir='ltr'>aliae</span> <span class='ocrx_word' id='word_1_126' title='bbox 1002 2318 1121 2381; x_wconf 87' lang='lat' dir='ltr'>super-</span> 
     </span>
    </p>
   </div>
   <div class='ocr_carea' id='block_1_9' title="bbox 25 2398 1121 2485">
    <p class='ocr_par' dir='ltr' id='par_1_10' title="bbox 25 2398 1121 2485">
     <span class='ocr_line' id='line_1_20' title="bbox 25 2398 1121 2485; baseline -0.003 -22"><span class='ocrx_word' id='word_1_127' title='bbox 25 2399 31 2408; x_wconf 90' lang='grc'><strong><em>’</em></strong></span> <span class='ocrx_word' id='word_1_128' title='bbox 143 2402 231 2475; x_wconf 78' lang='lat' dir='ltr'>fluas</span> <span class='ocrx_word' id='word_1_129' title='bbox 250 2422 334 2465; x_wconf 83' lang='lat' dir='ltr'>esse.</span> <span class='ocrx_word' id='word_1_130' title='bbox 357 2398 460 2465; x_wconf 84' lang='lat' dir='ltr'>Nobis</span> <span class='ocrx_word' id='word_1_131' title='bbox 479 2402 662 2465; x_wconf 88' lang='lat' dir='ltr'>necessitas</span> <span class='ocrx_word' id='word_1_132' title='bbox 678 2402 838 2485; x_wconf 87' lang='lat' dir='ltr'>imposita</span> <span class='ocrx_word' id='word_1_133' title='bbox 853 2400 926 2477; x_wconf 84' lang='lat' dir='ltr'>fuit,</span> <span class='ocrx_word' id='word_1_134' title='bbox 948 2400 1043 2483; x_wconf 83' lang='lat' dir='ltr'>signa</span> <span class='ocrx_word' id='word_1_135' title='bbox 1063 2419 1121 2461; x_wconf 90' lang='lat' dir='ltr'>ca-</span> 
     </span>
    </p>
   </div>
   <div class='ocr_carea' id='block_1_10' title="bbox 55 2498 1192 3515">
    <p class='ocr_par' dir='ltr' id='par_1_11' title="bbox 142 2498 1121 2588">
     <span class='ocr_line' id='line_1_21' title="bbox 142 2498 1121 2588; baseline -0.002 -24"><span class='ocrx_word' id='word_1_136' title='bbox 142 2499 463 2588; x_wconf 78' lang='lat' dir='ltr'>lendariis&#39;recepta</span> <span class='ocrx_word' id='word_1_137' title='bbox 489 2503 524 2568; x_wconf 88' lang='lat' dir='ltr'>in</span> <span class='ocrx_word' id='word_1_138' title='bbox 544 2498 681 2567; x_wconf 86' lang='lat' dir='ltr'>illorum</span> <span class='ocrx_word' id='word_1_139' title='bbox 699 2502 814 2567; x_wconf 90' lang='lat' dir='ltr'>locum</span> <span class='ocrx_word' id='word_1_140' title='bbox 838 2502 1061 2576; x_wconf 87' lang='lat' dir='ltr'>substituere,</span> <span class='ocrx_word' id='word_1_141' title='bbox 1087 2511 1121 2562; x_wconf 88' lang='lat' dir='ltr'>et</span> 
     </span>
    </p>

    <p class='ocr_par' dir='ltr' id='par_1_12' title="bbox 55 2602 1120 2692">
     <span class='ocr_line' id='line_1_22' title="bbox 55 2602 1120 2692; baseline -0.004 -24"><span class='ocrx_word' id='word_1_142' title='bbox 55 2677 61 2691; x_wconf 36' lang='grc' dir='ltr'><em>Ι</em></span> <span class='ocrx_word' id='word_1_143' title='bbox 142 2606 192 2668; x_wconf 84' lang='lat' dir='ltr'>sic</span> <span class='ocrx_word' id='word_1_144' title='bbox 218 2604 357 2669; x_wconf 87' lang='lat' dir='ltr'>tandem</span> <span class='ocrx_word' id='word_1_145' title='bbox 387 2606 580 2669; x_wconf 84' lang='lat' dir='ltr'>constitutio</span> <span class='ocrx_word' id='word_1_146' title='bbox 608 2606 823 2692; x_wconf 88' lang='lat' dir='ltr'>sequentium</span> <span class='ocrx_word' id='word_1_147' title='bbox 851 2604 1000 2670; x_wconf 87' lang='lat' dir='ltr'>maxime</span> <span class='ocrx_word' id='word_1_148' title='bbox 1028 2602 1120 2667; x_wconf 89' lang='lat' dir='ltr'>utilis</span> 
     </span>
    </p>

    <p class='ocr_par' dir='ltr' id='par_1_13' title="bbox 143 2699 1192 2793">
     <span class='ocr_line' id='line_1_23' title="bbox 143 2699 1192 2793; baseline -0.002 -23"><span class='ocrx_word' id='word_1_149' title='bbox 143 2720 246 2793; x_wconf 86' lang='lat' dir='ltr'>atque</span> <span class='ocrx_word' id='word_1_150' title='bbox 264 2710 456 2771; x_wconf 87' lang='lat' dir='ltr'>necessaria</span> <span class='ocrx_word' id='word_1_151' title='bbox 471 2699 666 2773; x_wconf 82' lang='lat' dir='ltr'>videbatur:</span> <span class='ocrx_word' id='word_1_152' title='bbox 1187 2783 1192 2792; x_wconf 22' lang='grc' dir='ltr'>ι</span> 
     </span>
    </p>

    <p class='ocr_par' dir='ltr' id='par_1_14' title="bbox 144 2800 1118 3000">
     <span class='ocr_line' id='line_1_24' title="bbox 144 2800 1118 2896; baseline -0.004 -21"><span class='ocrx_word' id='word_1_153' title='bbox 144 2816 182 2891; x_wconf 79' lang='grc' dir='ltr'>Θ</span> <span class='ocrx_word' id='word_1_154' title='bbox 207 2809 324 2875; x_wconf 88' lang='lat' dir='ltr'>Planta</span> <span class='ocrx_word' id='word_1_155' title='bbox 338 2800 579 2896; x_wconf 85' lang='lat' dir='ltr'>monocarpica</span> <span class='ocrx_word' id='word_1_156' title='bbox 597 2830 727 2873; x_wconf 88' lang='lat' dir='ltr'>annua:</span> <span class='ocrx_word' id='word_1_157' title='bbox 750 2811 773 2873; x_wconf 87' lang='lat' dir='ltr'>i.</span> <span class='ocrx_word' id='word_1_158' title='bbox 790 2832 819 2872; x_wconf 89' lang='lat' dir='ltr'>e.</span> <span class='ocrx_word' id='word_1_159' title='bbox 839 2829 926 2896; x_wconf 88' lang='lat' dir='ltr'>quae</span> <span class='ocrx_word' id='word_1_160' title='bbox 945 2818 1071 2873; x_wconf 83' lang='lat' dir='ltr'>&#39;aestate</span> <span class='ocrx_word' id='word_1_161' title='bbox 1099 2832 1118 2871; x_wconf 83' lang='lat' dir='ltr'>a</span> 
     </span>
     <span class='ocr_line' id='line_1_25' title="bbox 227 2912 1118 3000; baseline -0.001 -24"><span class='ocrx_word' id='word_1_162' title='bbox 227 2914 359 2977; x_wconf 84' lang='lat' dir='ltr'>semine</span> <span class='ocrx_word' id='word_1_163' title='bbox 378 2914 539 2992; x_wconf 83' lang='lat' dir='ltr'>nascitur,</span> <span class='ocrx_word' id='word_1_164' title='bbox 558 2912 747 2998; x_wconf 82' lang='lat' dir='ltr'>eademque</span> <span class='ocrx_word' id='word_1_165' title='bbox 763 2914 871 2989; x_wconf 85' lang='lat' dir='ltr'>floret,</span> <span class='ocrx_word' id='word_1_166' title='bbox 888 2913 1065 3000; x_wconf 65' lang='lat' dir='ltr'>fructificat</span> <span class='ocrx_word' id='word_1_167' title='bbox 1086 2927 1118 2975; x_wconf 89' lang='lat' dir='ltr'>et</span> 
     </span>
    </p>

    <p class='ocr_par' dir='ltr' id='par_1_15' title="bbox 97 3014 834 3101">
     <span class='ocr_line' id='line_1_26' title="bbox 97 3014 834 3101; baseline 0 -22"><span class='ocrx_word' id='word_1_168' title='bbox 97 3060 102 3066; x_wconf 88' lang='lat'>-</span> <span class='ocrx_word' id='word_1_169' title='bbox 166 3056 170 3065; x_wconf 87' lang='lat'><strong>·</strong></span> <span class='ocrx_word' id='word_1_170' title='bbox 225 3016 335 3101; x_wconf 81' lang='lat' dir='ltr'>perit3</span> <span class='ocrx_word' id='word_1_171' title='bbox 358 3016 464 3089; x_wconf 79' lang='lat' dir='ltr'>veluti</span> <span class='ocrx_word' id='word_1_172' title='bbox 479 3014 691 3081; x_wconf 84' lang='lat' dir='ltr'>Mercurialis</span> <span class='ocrx_word' id='word_1_173' title='bbox 713 3035 834 3079; x_wconf 86' lang='lat' dir='ltr'>annua.</span> 
     </span>
    </p>

    <p class='ocr_par' dir='ltr' id='par_1_16' title="bbox 145 3116 1117 3414">
     <span class='ocr_line' id='line_1_27' title="bbox 145 3116 1117 3204; baseline -0.003 -23"><span class='ocrx_word' id='word_1_174' title='bbox 145 3123 223 3199; x_wconf 77' lang='grc' dir='ltr'>ΘΘ</span> <span class='ocrx_word' id='word_1_175' title='bbox 243 3116 359 3181; x_wconf 87' lang='lat' dir='ltr'>Planta</span> <span class='ocrx_word' id='word_1_176' title='bbox 376 3121 616 3204; x_wconf 89' lang='lat' dir='ltr'>monocarpica</span> <span class='ocrx_word' id='word_1_177' title='bbox 627 3116 779 3187; x_wconf 88' lang='lat' dir='ltr'>biennis:</span> <span class='ocrx_word' id='word_1_178' title='bbox 800 3139 886 3203; x_wconf 87' lang='lat' dir='ltr'>qnae</span> <span class='ocrx_word' id='word_1_179' title='bbox 904 3121 1015 3203; x_wconf 87' lang='lat' dir='ltr'>primo</span> <span class='ocrx_word' id='word_1_180' title='bbox 1028 3137 1117 3181; x_wconf 91' lang='lat' dir='ltr'>anno</span> 
     </span>
     <span class='ocr_line' id='line_1_28' title="bbox 228 3219 1117 3305; baseline -0.001 -23"><span class='ocrx_word' id='word_1_181' title='bbox 228 3222 398 3285; x_wconf 86' lang='lat' dir='ltr'>enascitur</span> <span class='ocrx_word' id='word_1_182' title='bbox 416 3236 450 3285; x_wconf 92' lang='lat' dir='ltr'>et</span> <span class='ocrx_word' id='word_1_183' title='bbox 465 3234 611 3305; x_wconf 82' lang='lat' dir='ltr'>vegetat,</span> <span class='ocrx_word' id='word_1_184' title='bbox 636 3220 742 3287; x_wconf 88' lang='lat' dir='ltr'>altero</span> <span class='ocrx_word' id='word_1_185' title='bbox 760 3219 937 3285; x_wconf 79' lang='lat' dir='ltr'>fructificat</span> <span class='ocrx_word' id='word_1_186' title='bbox 958 3235 990 3284; x_wconf 90' lang='lat' dir='ltr'>et</span> <span class='ocrx_word' id='word_1_187' title='bbox 1008 3220 1117 3303; x_wconf 75' lang='lat' dir='ltr'>perit3</span> 
     </span>
     <span class='ocr_line' id='line_1_29' title="bbox 225 3322 643 3414; baseline 0.005 -27"><span class='ocrx_word' id='word_1_188' title='bbox 225 3322 334 3387; x_wconf 74' lang='lat' dir='ltr'>veluti</span> <span class='ocrx_word' id='word_1_189' title='bbox 349 3325 506 3414; x_wconf 71' lang='lat' dir='ltr'>Cepinthe</span> <span class='ocrx_word' id='word_1_190' title='bbox 523 3325 643 3390; x_wconf 86' lang='lat' dir='ltr'>minor.</span> 
     </span>
    </p>

    <p class='ocr_par' dir='ltr' id='par_1_17' title="bbox 146 3415 1116 3515">
     <span class='ocr_line' id='line_1_30' title="bbox 146 3415 1116 3515; baseline -0.01 -20"><span class='ocrx_word' id='word_1_191' title='bbox 146 3424 185 3507; x_wconf 76' lang='grc' dir='ltr'>θ’</span> <span class='ocrx_word' id='word_1_192' title='bbox 207 3415 323 3494; x_wconf 81' lang='lat' dir='ltr'>Planta</span> <span class='ocrx_word' id='word_1_193' title='bbox 338 3428 581 3515; x_wconf 80' lang='lat' dir='ltr'>monocarpica</span> <span class='ocrx_word' id='word_1_194' title='bbox 602 3423 770 3508; x_wconf 73' lang='lat' dir='ltr'>diu-turni,</span> <span class='ocrx_word' id='word_1_195' title='bbox 794 3445 880 3514; x_wconf 87' lang='lat' dir='ltr'>quae</span> <span class='ocrx_word' id='word_1_196' title='bbox 892 3448 954 3513; x_wconf 86' lang='lat' dir='ltr'>per</span> <span class='ocrx_word' id='word_1_197' title='bbox 968 3423 1116 3510; x_wconf 89' lang='lat' dir='ltr'>plurium</span> 
     </span>
    </p>
   </div>
   <div class='ocr_carea' id='block_1_11' title="bbox 0 0 1384 4159">
    <p class='ocr_par' dir='ltr' id='par_1_18' title="bbox 0 0 1384 4159">
     <span class='ocr_line' id='line_1_31' title="bbox 0 0 1384 4159; baseline 0 0"><span class='ocrx_word' id='word_1_198' title='bbox 0 0 1384 4159; x_wconf 95' lang='lat' dir='ltr'> </span> 
     </span>
    </p>
   </div>
  </div>
 </body>
</html>
