2759 4159
66 345 73 360 ⁶
117 355 292 428 §Rosa
313 360 453 422 indica
475 361 702 422 turbinata.

151 552 375 636 Distinguitur
391 550 515 613 aculeis
542 548 684 613 caulinis
704 552 837 634 sparsis,
855 571 930 631 non
942 556 1121 646 maximis,
1179 541 1182 546 ¹

192 656 254 720 sed
268 652 468 728 fortissimis,
490 653 602 727 rectis,
620 653 867 736 uncinatisque,
886 654 1010 720 foliolis
1027 680 1121 742 mag·
1159 700 1167 706 ,

191 759 256 834 nis,
275 755 394 833 oratis,
413 754 622 841 acuminatis,
641 753 823 830 undulatis,
846 756 972 832 nitidis,
991 759 1120 842 rigidis,
1213 747 1219 770 ⁴

190 858 330 924 urceolo
348 877 472 940 crasso,
487 855 669 933 turbinato,
681 859 864 940 segmentis
882 857 1041 940 calycinis
1061 884 1121 925 an-

191 977 224 1026 te
250 945 406 1045 gemmae
427 959 670 1043 expansionem
696 958 868 1037 refractis,
888 960 1025 1026 floribus
1046 962 1134 1048 ple-·

20 1071 26 1080 '
190 1063 348 1138 nissimis,
360 1061 581 1124 mediocriter
590 1059 791 1138 convolutis,
802 1062 918 1136 roseis,
928 1064 1048 1146 petalis
1060 1087 1121 1130 ex-

81 1145 84 1153 ’
190 1165 306 1228 tremis
323 1162 491 1246 profunde
506 1164 697 1246 purpureis,
715 1163 954 1246 hincgemmis
973 1165 1120 1230 discolo-

38 1324 46 1344 ,
189 1267 293 1331 ribus.
316 1268 351 1328 Τ.

10 1481 14 1492 Ι
247 1420 289 1472 Ad
304 1421 386 1472 ritum
406 1419 534 1471 linearum
549 1416 745 1470 turbinatarum
764 1437 819 1471 non
836 1438 928 1474 ornnes
945 1422 1032 1492 aperit
1046 1441 1120 1493 gem<

26 1559 32 1567 ,
73 1528 77 1534 ·
146 1529 219 1570 mas,
241 1517 268 1561 et
291 1506 593 1580 quodammodoeliam
612 1505 734 1558 habitum
748 1506 854 1561 illarum
870 1510 967 1562 imitat.
987 1509 1119 1564 Urceolus

145 1599 266 1671 perfecte
283 1605 314 1648 nt
327 1597 355 1648 in
368 1595 399 1646 ll.
417 1594 562 1656 turbinata,
580 1614 652 1664 rapa,
667 1604 696 1646 et
713 1593 856 1648 similibus.
881 1600 922 1648 lln
943 1615 1015 1648 mera
1032 1600 1119 1652 verie-

144 1687 203 1742 tssi
231 1687 297 1736 leon
314 1683 387 1757 apud
403 1681 518 1736 Redout.
540 1684 568 1736 iu
580 1685 643 1736 Ros.
659 1684 693 1735 Τ.
705 1685 739 1736 ΙΙ.
761 1684 796 1736 ad
810 1703 868 1756 pag.
886 1687 929 1738 35.
943 1683 994 1738 sub
1011 1689 1119 1739 nomine

145 1775 177 1825 ll.
192 1771 297 1826 indicae
312 1770 504 1842 multipetalae.
531 1769 617 1840 Hujus
633 1770 799 1826 subveniens
814 1781 856 1826 est
870 1773 899 1824 li.
915 1771 1007 1826 indica
1022 1770 1118 1825 dicho-

144 1871 235 1922 toms,
258 1878 337 1932 qnam
359 1879 383 1912 v.
408 1861 436 1911 in
450 1858 516 1912 Red.
540 1860 603 1913 llos.
619 1860 651 1911 T.
668 1860 717 1913 111.
732 1861 761 1934 p!
781 1862 824 1916 6³.
840 1880 863 1915 c.
877 1863 910 1913 ic.
927 1860 977 1914 slis
992 1860 1020 1912 in
1033 1862 1117 1914 Andr.

144 1951 209 2002 Rea.
229 1950 294 2001 fase.
308 1955 351 2020 59.
368 1947 419 2000 snb
432 1966 493 2000 noe.
520 1949 550 2000 ll.
570 1947 676 2000 indicae
696 1951 837 2013 incurvae,
858 1949 964 2004 scilicet
974 1948 1071 2022 petalis
1089 1952 1118 2002 in

144 2037 254 2090 modum
268 2040 416 2090 Anemonea
432 2037 558 2098 incurvis,
576 2054 600 2089 aa
613 2037 745 2092 concavis.
