2759 4159
5 3150 59 3345 l
118 3337 120 3349 .

221 337 225 347 ’
262 344 284 409 6
547 343 959 411 recensentur
1002 400 1010 404 .

258 531 326 603 quo
351 518 481 603 possint
506 516 740 583 observatores
754 519 996 583 -initineribus
1016 517 1070 582 vel
1085 518 1230 583 ubicun-

256 621 498 706 que=locorum
518 642 593 684 suas
617 620 872 701 emendationes
894 622 951 685 vel
975 621 1041 686 alia
1059 643 1230 685 memora-

167 735 170 745 '
255 722 342 788 bilia·
361 724 537 797 historica,
561 714 689 798 critica,
713 726 956 809 oeconomica„
971 725 1139 799 technica,
1160 745 1234 785 mes·
1279 710 1284 721 ⁸

256 825 344 901 dica,
366 825 612 911 philosophica,
629 826 764 909 poetica
780 840 843 890 etc;
861 811 1040 903 adnotare;
1057 825 1120 890 vel·
1132 826 1237 887 etiam
1325 862 1329 869 -

193 1014 196 1025 Ι
255 941 294 993 nt
313 926 494 991 schedulae
516 926 657 992 eaedem
673 929 804 1011 possint
822 929 1003 1006 herbariis,
1030 928 1086 992 vel
1111 925 1237 991 tabulis

256 1033 293 1095 in
311 1030 416 1095 hortis
435 1028 601 1093 botanicis
620 1029 793 1114 applicari,
813 1044 847 1094 et
865 1033 913 1094 sic
931 1032 974 1094 ad
989 1044 1144 1099 naturam
1162 1052 1237 1094 cer-⁴

205 1134 216 1147 ‘
255 1132 366 1195 titudo
385 1132 679 1197 commentationis
699 1134 830 1229 tentari.
855 1133 1008 1197 Selectae
1024 1145 1185 1218 poterunt
1203 1132 1241 1194 in

182 1272 192 1294 t
258 1233 518 1321 excursionibus
544 1248 645 1319 atque
671 1235 850 1301 itineribus
877 1238 980 1300 totius
1008 1235 1238 1299 bibliothecae

258 1336 374 1400 locum
400 1335 627 1419 explere.·Ne
652 1350 766 1403 autem
792 1341 927 1402 chartae
949 1338 1093 1424 prodige
1118 1337 1241 1421 dilapi-

260 1438 400 1514 dentur,
429 1436 539 1503 forma
564 1439 677 1522 operis
701 1460 824 1524 parva,
860 1439 992 1504 scilicet
1014 1442 1049 1505 in
1076 1442 1131 1506 avo
1162 1441 1245 1503 min.

260 1540 389 1615 electa,
417 1553 450 1604 et
475 1539 593 1635 literae
619 1554 689 1607 tam
715 1564 840 1627 parvae
870 1543 1042 1607 adhibitae
1061 1530 1157 1620 sunt,
1185 1556 1243 1619 ut,

260 1664 360 1728 quae·
374 1644 418 1706 in·
433 1642 502 1706 alio
524 1663 628 1727 opere
658 1643 741 1708 duas
756 1647 896 1731 paginas
914 1658 1150 1731 reposcerent,
1174 1647 1241 1707 hoc

162 1764 165 1788 ¹
259 1745 338 1809 loeo
356 1746 390 1809 in
406 1746 542 1810 unicam
562 1745 845 1811 conducerentur.
861 1751 928 1813 Res
947 1746 1083 1832 majoris
1103 1745 1241 1823 indolis,

176 1850 178 1854 ’
261 1873 291 1913 e.
301 1871 350 1934 gr.
360 1850 513 1934 pro'e'mia
527 1850 619 1913 circa
635 1870 761 1933 genera
777 1851 915 1935 majoris
931 1849 1106 1924 momenti,
1124 1847 1242 1931 prol&

203 1963 207 1971 ’
259 1973 427 2037 gomena,
446 1951 508 2019 ubi
530 1952 721 2017 necessaria
738 1951 923 2028 habentur,
946 1950 1243 2037 consignationes,

260 2054 581 2137 dissertationesque
593 2054 733 2137 paginis
748 2055 917 2118 continuis
931 2053 1244 2139 imprimuntur;.in

209 2228 210 2232 η
260 2158 313 2222 his
343 2157 434 2220 enim
462 2155 555 2219 nulla
579 2156 764 2220 necessitas
793 2155 1012 2241 intelligitur,
1041 2154 1244 2234 methodum

262 2257 644 2337 eandem'obsgervandi.
666 2255 767 2322 Talia
780 2281 928 2343 ,semper
950 2260 1046 2323 initia
1069 2272 1244 2337 tomorum

262 2364 485 2435 constituent,
517 2362 588 2424 imo
598 2361 708 2424 etiam
724 2374 822 2437 tunc,
844 2352 993 2447 quando
1005 2362 1090 2428 lorte
1105 2360 1244 2445 generi-

260 2464 325 2532 bus
341 2461 574 2529 interc'alanda
585 2461 706 2526 forent.
729 2464 863 2531 Etenim
880 2462 1118 2541 schedularum
1132 2464 1240 2525 inter-

261 2569 375 2651 ruptio
402 2569 439 2630 in
463 2563 664 2649 colligandis
688 2564 795 2642 loliis,
818 2567 935 2651 inepto
954 2580 1063 2642 tactu,
1088 2564 1243 2649 permix-

263 2669 413 2733 tionibus
430 2690 545 2733 ansam
561 2666 641 2731 dare
657 2668 759 2733 nimis
775 2667 874 2733 facile
890 2682 1015 2752 posset.
1036 2666 1243 2731 Derationi-

216 2852 218 2857 ,
263 2770 328 2835 bus
354 2772 389 2833 in
415 2768 722 2846 connumerandis,
745 2769 1052 2855 intercalandisque
1071 2766 1243 2833 schedulis
1297 2772 1306 2795 ⁰

259 2870 381 2959 paullo
393 2884 513 2955 postea
529 2872 660 2959 loquar.
683 2874 778 2937 Nunc
798 2886 875 2940 ante
896 2886 1009 2952 cetera
1019 2893 1058 2935 ea
1068 2870 1246 2955 explican-

265 2974 311 3037 da
337 2986 405 3050 est,
438 2994 506 3057 qua
531 2976 637 3040 serius
661 2974 797 3041 detecta
823 2988 924 3060 atque
948 2973 1127 3039 emendata
1146 2972 1246 3036 exhi·

263 3077 404 3143 bentur.
1209 3108 1213 3113 ·

262 3202 267 3217 ··
366 3182 597 3265 Quaecunque
624 3178 723 3245 editis
747 3180 930 3265 generibus
953 3180 1053 3247 'novis
1080 3179 1242 3254 detectis,
1347 3174 1352 3181 ’

268 3282 457 3347 accuratius
478 3281 686 3360 observatis,
715 3281 770 3348 vel
793 3287 899 3349 serius
921 3282 1087 3349 oblivioni
1118 3281 1244 3364 ereptis

249 3398 484 3463 ¹accrescunt,
514 3384 575 3451 sed
609 3407 679 3455 non
711 3385 784 3455 sola
809 3402 1010 3475 augmenta,
1045 3387 1115 3451 imo
1142 3384 1245 3450 etiam
