2759 4159
23 3027 26 3036 .
86 3001 89 3004 ’
155 2989 201 3050 II.
224 2986 313 3049 Rosa
328 2984 537 3049 centulolta
511 3006 583 3049 stne
601 2983 758 3049 urceolo.
780 2983 852 3049 vrdt
861 2985 1005 3049 ruberto
1022 3006 1115 3048 caes.
1192 3008 1194 3017 ·

1 3255 21 3404 ἐ

985 363 1334 460 ,es

57 541 59 546 ’
150 523 254 586 taniei
272 523 502 587 curiositatem
518 541 588 588 non
598 525 709 592 mittus
726 525 1002 615 exstimulabant,
1025 548 1128 614 qnam

61 648 65 653 ’
150 624 242 709 ipsae
263 627 404 710 specics.
445 627 575 690 Nomen
603 609 809 706 mutabitur,
839 630 986 695 rationes
1009 649 1128 696 mane·
1202 643 1206 651 ’

149 727 234 791 bunt
250 729 392 812 priores.
417 729 451 791 si
467 743 602 793 nostrat
621 730 791 797 sectiones
801 750 932 817 spectes
952 733 1128 818 appellan-

149 844 221 906 tur,
245 833 425 896 varietates
452 817 638 896 manebunt
665 835 702 896 in
727 833 788 897 illo
812 835 1004 920 eodemque
1026 849 1127 914 statu,

151 953 217 1017 quo
232 953 325 997 nunc
344 947 440 1011 sunt,
464 946 599 1000 nostrae
617 937 796 1002 varietates
811 931 1130 1021 tremum-dicentur·

149 1036 410 1113 subvarietates,
441 1050 474 1102 et
500 1035 548 1100 sic
568 1055 682 1122 porro.
723 1031 813 1116 Quid
834 1053 947 1103 autem
966 1038 1053 1104 lucri
1081 1061 1127 1104 ex

101 1175 105 1182 ·
148 1139 211 1201 hac
227 1140 405 1202 nominum
417 1139 620 1233 plionatione
632 1146 830 1219 enascatur?
853 1145 939 1205 Sane
952 1161 1124 1226 magnum,

35 1275 38 1282 ·
83 1307 85 1315 ,
137 1241 175 1326 1εἰ
191 1241 293 1304 etiem
309 1243 345 1304 in
365 1241 547 1325 generibus
566 1243 704 1320 Carice,
727 1243 949 1328 Pelargonio,
975 1247 1125 1322 iusticia,

149 1342 309 1419 Trifolio,
332 1342 462 1424 Salice,
486 1343 702 1430 Plentagine,
732 1336 946 1430 Euphorbia,
976 1344 1125 1411 Mescin-
1183 1394 1184 1397 ,
1234 1391 1237 1396 -

145 1442 361 1510 brianthemo
382 1445 525 1532 aliisque
541 1449 616 1532 pari
636 1447 766 1533 judicio
780 1446 1056 1532 procederemus.
1090 1450 1125 1512 Si
1146 1460 1153 1532 j

144 1566 235 1624 non,
258 1545 307 1611 nil
327 1550 393 1613 nisi
411 1548 623 1636 perturbatio
639 1549 846 1633 Babylonica
870 1551 1053 1614 metuenda
1071 1551 1123 1614 lo-

143 1662 209 1717 ret.
236 1654 271 1714 T.
306 1702 313 1712 .

743 1799 830 1810 ann——
897 1797 901 1803 ⁶

744 1816 831 1825 ...ι-.-

228 1961 313 2040 lluic
333 1959 483 2046 denique
497 1962 698 2038 varietatum
713 1963 859 2047 synopsi
886 1961 1122 2048 subjungenda

143 2072 194 2148 est
218 2063 428 2147 consignatio
459 2065 750 2138 monstrositetum
788 2062 1056 2144 celebratarum,
1089 2078 1122 2128 ct

140 2185 244 2249 saepe
273 2165 309 2227 in
336 2167 458 2243 bortis,
488 2168 632 2231 raritatis
658 2165 715 2230 vel
744 2165 984 2252 singularitatis
1011 2167 1120 2251 gratia

118 2313 121 2316 -
141 2281 428 2334 conservaturum.
461 2273 546 2346 Sunt
564 2283 677 2334 autern
693 2284 895 2359 sequentes.

172 2373 196 2449 Ι.
220 2373 310 2435 Rosa
330 2370 504 2455 centilolia
521 2370 681 2436 ioliaoea.
705 2373 726 2436 i.
745 2395 773 2436 e.
794 2357 918 2454 calycis
934 2365 1119 2454 segmentis

195 2557 197 2562 Ι
224 2471 440 2557 ingentibus,
464 2474 561 2559 apice
578 2473 788 2562 loliolileris,
811 2493 909 2560 quae
912 2452 1119 2557 mundoque

153 2599 155 2606 ·
225 2573 362 2662 simule
382 2576 689 2661 centroprolilera.
721 2575 917 2660 lptcoolui
955 2577 1049 2638 Icon.
1065 2595 1118 2658 ap.

223 2657 336 2762 lled,'
326 2697 361 2742 ιιι
379 2680 458 2744 llos
478 2680 513 2743 Τ.
535 2681 576 2743 ll.
591 2679 677 2764 adp
692 2677 744 2767 59
768 2677 903 2742 similes
920 2677 1119 2741 monstrosi·
1137 2764 1141 2767 -

191 2821 195 2830 ·
222 2792 309 2844 tutes
324 2781 424 2846 vidi·
413 2803 450 2844 tn
468 2783 507 2844 tt.
525 2779 651 2859 bifera,
674 2785 884 2849 Damascena
900 2792 1001 2865 atque
1018 2798 1118 2865 pom·

221 2885 336 2966 ponia.
391 2912 393 2917 ·

174 3086 584 3152 Sohtlnbrunnensill.
602 3108 631 3150 c.
658 3086 831 3170 calycibus
849 3087 920 3151 lere
941 3099 1049 3170 usque
1073 3085 1118 3148 ad

220 3187 319 3254 basin
337 3191 489 3275 partitis,
511 3200 549 3252 ut
563 3190 623 3253 vix
644 3185 754 3253 nllurn
778 3188 909 3254 urceoli
935 3188 1116 3271 vestigium

220 3292 430 3356 remanserit.
463 3290 596 3373 Similes
607 3293 874 3367 monstrositatcs
892 3309 912 3353 a
927 3289 1032 3352 nimia
1040 3285 1135 3372 ple-⁴>

218 3394 376 3459 nitudine
393 3393 570 3458 venientes
580 3393 804 3492 observantur
816 3394 925 3463 etiam
941 3393 978 3454 in
987 3392 1025 3454 ll.
1043 3402 1115 3455 tur·
