2759 4159
427 360 839 428 PROLEGOMEM.
1102 366 1123 433 5

231 540 347 622 Neque
375 538 543 618 systema,
566 555 679 622 neque
697 530 853 602 ordinem
872 537 1123 623 alphabeticum

144 638 380 705 adhibendum
398 641 524 723 putavi.
556 640 656 715 Quod
667 640 767 704 enim
786 642 858 705 ista
868 640 1015 719 adtinet,
1037 643 1124 723 varii

142 756 223 807 sunt
238 762 366 806 sensus
390 764 453 805 nsu
471 742 623 826 practico
646 750 900 827 occupatorum.
932 744 1123 823 schedulae

135 844 273 908 liberae
303 842 347 905 ad
372 844 518 929 cujusvis
546 843 699 907 indolem
727 845 897 923 ordinari,
923 847 1011 911 etsi
1035 845 1122 922 sorte

111 980 113 985 ·
141 946 331 1034 propensio
348 945 449 1010 ullius
467 962 689 1031 permutetur,
707 949 830 1011 iterum
840 946 909 1011 alio
918 948 1025 1012 modo
1036 968 1123 1020 conf

139 1050 238 1114 stitni
254 1061 397 1133 possunt
415 1051 448 1113 et
468 1051 667 1115 consociari.
680 1033 750 1131 [Sin
769 1063 881 1113 antem
901 1049 1056 1123 ordinem
1074 1049 1124 1113 al-

135 1150 364 1237 phabeticum
382 1152 547 1230 iniissem‚·
564 1152 710 1238 lectores
732 1165 807 1215 ante
828 1172 913 1237 opus
931 1151 1124 1238 plenarium

134 1251 337 1317 absolutum
353 1252 483 1317 nullam
500 1255 735 1338 integritatem.
745 1252 978 1325 obtinuissent.

226 1355 360 1419 Idcirco
379 1355 491 1424 forma
511 1356 779 1441 monographica
797 1358 882 1419 mihi
898 1378 980 1441 prae
989 1357 1124 1421 ‘ceteris

139 1457 300 1521 omnibus
323 1458 444 1521 arrisit.
477 1459 677 1523 Auctoritati
702 1460 843 1523 maximi
868 1461 933 1525 viri
954 1460 991 1522 A.
1018 1462 1051 1523 P.
1070 1464 1121 1526 De

142 1558 307 1625 Candolle
327 1559 477 1637 innixus,
498 1573 532 1623 et
549 1563 650 1645 genio
669 1560 924 1625 consuetudinis
943 1562 1123 1641 conlir‘ma5

136 1675 207 1738 tus,
221 1664 363 1747 ipsaque
378 1663 510 1726 ratione
528 1664 715 1739 convictus,
733 1664 1036 1727 commentationes
1046 1683 1122 1727 mo-

133 1764 367 1848 ·nographicas
402 1764 571 1829 omnibus.
596 1749 831 1829 anteferendas
858 1766 992 1850 putavi,
1026 1765 1122 1850 quod
1218 1773 1222 1792 ²

138 1864 315 1952 quaelibet
332 1887 395 1951 per
414 1888 450 1930 se
467 1887 552 1953 opus
571 1869 741 1952 integrum
761 1882 794 1931 et
812 1867 1016 1944 absolutum,
1035 1888 1120 1937 con,—

131 1971 251 2033 tinuae
270 1969 516 2051 emendationis
537 1982 569 2033 et
588 1971 790 2034 incrementi
805 1991 929 2061 capax,
948 1971 1119 2038 continui-

131 2074 198 2135 tati
217 2090 299 2137 vero
318 2070 432 2135 Totius
457 2072 597 2135 minime
618 2072 759 2139 aduersa
775 2086 844 2137 est·
913 2142 919 2152 ,
1122 2063 1127 2072 ’

132 2222 136 2229 .
219 2176 261 2236 Ut
275 2186 389 2238 tamen
408 2172 523 2259 aliquo
545 2161 931 2264 modomonographiae
954 2180 1047 2263 ipsae
1064 2180 1117 2239 in·

96 2323 98 2330 .
135 2288 189 2341 ter
207 2294 248 2339 se
258 2278 475 2352 cohaereant,
498 2275 665 2349 affinitatis
683 2278 1015 2352 naturalis.normam
1031 2279 1140 2342 mihiv
1215 2292 1220 2304 “

132 2380 315 2463 proposui,
332 2378 364 2460 ¹⁶)
396 2379 444 2442 ita
466 2379 604 2463 quidem
621 2392 658 2443 ut
680 2379 828 2444 familiae
856 2381 1026 2445 naturales
1043 2392 1117 2444 me*

132 2478 241 2543 thodo
264 2478 306 2543 ab
324 2478 550 2544 illustrissimo
564 2502 605 2546 tac
632 2482 828 2546 doctissimo
852 2483 967 2547 Curtio
987 2483 1115 2571 spren-

129 2582 225 2667 gelio
243 2582 478 2667 expositasihi
497 2583 646 2648 invicem
663 2584 969 2669 subsequerentur3
993 2600 1042 2650 ast
1057 2607 1114 2650 or·
1136 2572 1139 2579 ¹
1218 2657 1220 2661 ,

130 2684 211 2747 dine
229 2686 382 2762 invers04
407 2684 535 2751 familia
553 2688 780 2761 Rosacearum
801 2688 996 2772 incipiendo
1017 2702 1050 2752 et
1068 2688 1113 2754 ad

123 2786 257 2873 plantas
269 2788 536 2874 cryptogamicas
554 2810 662 2873 usque
678 2788 942 2891 progrediendo.
959 2794 1028 2874 Nec,
1044 2793 1110 2858 mi-

10 3184 13 3191 ,
125 3126 155 3196 Ρ)
173 3127 295 3183 Primum
314 3125 458 3185 consilium
477 3125 536 3197 (die
557 3148 579 3185 ι.
597 3131 690 3186 Martii
712 3102 785 3205 1817⁴
798 3135 984 3207 publicatum)
1002 3138 1104 3199 suernt,

103 3234 127 3263 .·
226 3214 433 3289 monographias
451 3218 526 3291 ipses
544 3217 603 3273 sine
622 3218 717 3275 ordine
736 3224 843 3285 edendi,
866 3228 917 3280 Ast
933 3244 1017 3279 nexus
1035 3226 1108 3280 nllus

226 3304 440 3379 (qualiscumque
456 3306 563 3363 demum
579 3310 627 3381 eit)
643 3328 658 3363 ι
672 3310 797 3385 plurimis
810 3315 1023 3370 considerationi
1030 3332 1106 3367 com·

226 3392 367 3450 mundatus
386 3395 446 3455 suit,
908 3459 911 3466 .

844 3491 912 3577 (¹*)
