2759 4159
127 393 269 468 RoSA
301 391 530 475 centifolia
557 389 788 471 ὂίρίηηαὶα,

126 584 353 668 Distinguitur
384 582 473 646 foliis
498 580 718 657 fasciculatis,
750 582 885 667 petiolis
921 584 1102 660 subnullis,

172 685 235 750 sed
251 685 379 769 stipulis
394 683 646 769 irregularibus,
668 685 797 768 crispis,
816 685 1016 761 convolutis,
1034 709 1105 749 ser-

170 789 271 863 ratis3
289 786 414 850 foliolis
433 787 635 872 plerumque
659 787 852 863 triternatis,
875 785 930 850 vel
948 786 1106 872 bipinna-

170 892 224 966 tis,
237 889 409 974 duplicato
429 903 463 952 ct
481 889 629 952 maxime
647 888 870 973 inaequaliter
887 888 1042 966 dentatis,
1057 890 1107 953 la-

174 983 327 1068 ciniosis,
348 993 486 1076 crispis,
508 989 737 1074 complicatis,
758 989 928 1054 nonnullis
942 976 1104 1075 peltatis,
1136 1055 1139 1062 ,

171 1093 347 1178 pendulis,
371 1092 551 1168 subnudis,
575 1091 691 1156 subtus
707 1091 1022 1175 glaucescentibus,
1045 1117 1107 1179 pe-

173 1194 330 1259 dunculis
351 1194 590 1278 calycibusque
610 1195 756 1256 tenuiter
774 1193 1105 1281 glanduloso-hispi-

173 1298 236 1373 dis,
259 1297 389 1360 laciniis
413 1296 536 1379 calycis
559 1294 838 1379 appendiculatis,
861 1294 916 1361 vel
940 1298 1105 1383 simplici-

171 1401 256 1477 bus,
279 1400 424 1463 bracteis
445 1400 481 1462 in
504 1396 706 1483 quibusdam
730 1398 903 1483 oppositis,
927 1398 1105 1484 oblongis,

173 1502 304 1566 ciliatis.
350 1504 383 1566 Τ.

227 1693 300 1744 Haec
324 1693 438 1746 varietas
463 1693 478 1745 i
503 1691 563 1750 cell.
582 1693 639 1746 Dre
657 1690 790 1759 Dietricb,
810 1689 923 1762 aliisque
945 1692 1104 1764 prosperis

131 1780 267 1834 declarata
284 1780 319 1833 ad
337 1779 542 1837 R.centiloliam
560 1780 655 1834 reduci
674 1779 766 1845 debet,
784 1779 857 1851 qnod
875 1781 1038 1850 experientia
1050 1799 1107 1830 ma-

132 1871 229 1940 gistra,
252 1869 360 1941 saepius
387 1887 435 1922 sua
460 1877 557 1940 sponte
575 1871 603 1921 in
621 1878 722 1922 statum
739 1866 886 1920 normalem
904 1866 935 1924 ll,
955 1867 1106 1920 centifoliae

129 1957 266 2011 hortensis
284 1957 384 2015 redeat.
417 1957 573 2012 Hortnlanie
592 1958 672 2010 etiam
688 1958 719 2012 R.
739 1957 843 2029 crispa,
863 1957 900 2022 R,
914 1955 1106 2025 grossulariue·

129 2044 194 2098 lolia
213 2055 242 2098 et
259 2047 289 2104 n,
309 2046 427 2119 opiliolia
446 2054 564 2100 vocatur.
597 2045 720 2100 varietas
738 2043 869 2097 mirabilis
888 2053 915 2096 et
932 2045 1033 2114 insigni
1050 2042 1104 2121 elo-

8 2169 12 2176 ·
42 2206 44 2214 ¹
131 2136 219 2205 gentio
238 2134 374 2198 distinere.
400 2137 438 2188 Ic.
459 2136 489 2190 in
506 2133 572 2196 Red.
592 2135 655 2190 llos·
676 2135 708 2190 T.
723 2135 759 2187 ll.
780 2132 813 2185 ad
832 2150 893 2205 pag.
914 2149 955 2186 ιι.
