2759 4159
179 339 319 404 ROSA
341 341 507 404 inermis
527 345 756 432 Delaunay.

4 535 29 550 κ
90 563 93 568 ,
181 501 220 561 R.
243 493 461 582 germinibus
475 497 650 583 (urceolis)
659 497 838 564 turbinatis
849 523 859 575 ;
874 495 999 562 foliolis
1018 497 1153 583 glabris,

221 601 338 665 subtus
358 599 673 686 glaucescentibua3
695 600 830 688 petiolis
847 601 1155 686 hirsuto-glandu-

218 705 319 780 losis,
340 705 484 781 scabris,
513 704 600 768 inira
623 703 866 780 aubaculeatis;
897 704 994 768 caule
1021 705 1153 768 inermi.

220 809 300 889 Thy.
1158 797 1169 812 ’

184 940 272 1001 Rosa
290 937 440 1000 inermis.
459 946 526 1004 lted.
539 948 603 1005 Ros.
616 949 652 1002 11.
667 967 696 1021 p.
711 955 754 1023 93.
769 968 794 1006 c.
808 950 844 1002 ic.

274 1059 375 1110 Frutex
388 1054 467 1108 valde
481 1053 627 1109 frondosus
641 1058 712 1118 4-5
726 1055 849 1128 pedalia3
865 1055 931 1108 rami
943 1053 1052 1116 virides,
1062 1051 1155 1123 glabri,

102 1175 117 1219 g
179 1147 304 1200 absolute
319 1148 443 1198 inermes.
474 1144 551 1197 Folia
570 1148 651 1207 3-4
662 1143 739 1214 juga,
754 1163 834 1217 saepe
849 1163 910 1196 cum
926 1142 1020 1195 loliolo
1034 1141 1155 1195 solitario
1169 1197 1172 1204 ¹

180 1235 214 1288 ad
228 1236 334 1301 basim3
352 1233 446 1286 foliola
460 1230 648 1307 (majuscula)
668 1231 804 1304 elliptica,
818 1233 945 1304 utrinque
961 1229 1067 1302 glabra,
1081 1231 1156 1282 inae·

183 1323 299 1396 qualiter
314 1320 429 1383 dentata,
444 1320 541 1374 subtus
559 1320 717 1390 pallidiora3
735 1319 833 1394 petioli
848 1315 1034 1380 sculiriusouli,
1047 1318 1155 1389 paucis·

85 1449 89 1456 ι
179 1414 256 1466 simis
271 1410 399 1464 aculeolis
410 1408 506 1462 subtus
525 1411 635 1478 armati3
654 1409 770 1483 stipulae
784 1407 970 1471 subdentatae,
984 1403 1156 1460 dilatato-di-

179 1508 329 1568 vergentes‚
347 1500 465 1570 margine
479 1495 662 1569 glandulosae.
687 1498 780 1554 Florea
794 1501 973 1559 subsolitarii‚
992 1493 1155 1548 terminales.

179 1589 330 1644 Perlunculi
342 1589 468 1658 elongati,
485 1587 686 1660 undiqnetecti
705 1583 838 1657 glandulis
852 1588 1031 1662 pedicellatia.
1050 1586 1155 1640 Urceo-

182 1678 225 1732 lna
240 1697 354 1741 crassus,
371 1675 536 1738 turbinatua,
550 1675 611 1728 basi
627 1676 752 1730 similiter
769 1676 1076 1750 glandulosolispidus.
1102 1674 1155 1726 La-

187 1769 272 1819 ciniae
287 1762 566 1836 calycis’inaequales,
585 1771 641 1818 tres
659 1765 843 1834 pinnatifidae,
858 1766 926 1820 duae
948 1745 1097 1839 simplices:
1109 1781 1156 1815 an-

169 1865 206 1908 ·te
222 1856 368 1926 plenariam
390 1852 596 1926 explicationem
610 1854 677 1908 {lore
694 1853 838 1932 longiores,
853 1855 1101 1927 marginepciliatae,
1113 1856 1156 1906 in-

176 1931 222 1998 tus
237 1951 412 1997 tomentosae.
447 1941 519 2012 styli
531 1940 619 1995 liberi.
643 1943 761 1999 Nonnisi
774 1942 887 1997 floribus
900 1942 1081 2018 pulcherrime
1097 1941 1157 2016 ple·
1175 2010 1182 2014 α

177 2033 219 2086 uis
237 2032 351 2086 habetur
366 2032 395 2084 in
407 2030 502 2087 hortis.

275 2120 343 2175 cell.
353 2122 398 2174 Du
408 2121 481 2173 Pont
493 2117 563 2171 hanc
571 2137 620 2191 pro
637 2122 728 2194 sp'ecie
736 2120 827 2174 indica
834 2119 959 2184 babebat,
969 2130 996 2174 et
1004 2123 1036 2178 R.
1045 2120 1155 2174 chineu-

178 2228 234 2263 aeru
249 2208 371 2265 vocabat.
391 2206 447 2262 Sed
461 2207 585 2262 urceolus
600 2218 692 2280 aperta
707 2209 884 2273 demonstrat,
899 2228 959 2265 essa
973 2208 1042 2262 hanc
1058 2210 1157 2262 Rosam

176 2300 206 2351 in
221 2298 359 2352 Helvetiae
374 2297 481 2369 alpibns
499 2294 673 2368 indigenam,
695 2317 774 2371 quam
799 2298 858 2352 cell.
881 2279 1021 2367 Delaunay
1039 2298 1069 2353 R.
1084 2298 1156 2348 iner-

177 2405 248 2438 mem
267 2384 454 2459 appellaverat,
476 2393 504 2438 et
518 2404 586 2457 quae
602 2404 617 2436 a
632 2387 665 2443 R.
683 2387 771 2459 alpina
786 2386 923 2442 turbinata
939 2376 1030 2450 Deru,
1045 2405 1059 2437 a
1076 2387 1105 2440 ll.
1118 2386 1157 2439 al·
1221 2439 1227 2449 ,

177 2476 242 2548 pina
256 2471 403 2545 multiplici
417 2475 550 2546 Degrasse
561 2483 592 2527 ct
605 2475 635 2534 ll,
652 2462 788 2529 lurbinatu
801 2475 866 2534 vill,
880 2494 936 2528 non
945 2472 1052 2540 diflert.
1067 2477 1098 2530 ll.
1114 2475 1156 2527 in·

180 2564 260 2615 ermis
275 2560 359 2616 Andr.
374 2562 439 2618 Ros.
456 2563 523 2620 fasc.
541 2583 580 2623 ιι,
600 2572 642 2615 est
655 2564 687 2621 u.
707 2563 856 2618 Andrewsii
875 2565 908 2619 T.
1174 2551 1178 2556 ’

276 2651 349 2704 llaec
359 2651 430 2703 Rosa
443 2652 544 2704 interea
557 2650 686 2720 inlrortis
695 2653 851 2724 frequenter
870 2651 981 2704 obvenit
995 2659 1157 2724 etprospe·
1195 2723 1197 2730 Ι
1261 2672 1265 2710 1

179 2741 221 2794 cie
236 2738 368 2806 babetnr3
388 2748 517 2811 opportet
540 2758 602 2812 ergo
624 2739 699 2792 illurn
722 2741 841 2812 perfecte
860 2739 1027 2803 discernere,
1053 2741 1158 2795 etiamsi

179 2827 213 2880 ad
230 2835 347 2880 mentem
362 2826 476 2880 aliorum
491 2827 668 2901 quorumdam
683 2830 720 2883 sit
738 2846 809 2880 mera
822 2829 853 2884 R.
870 2827 1021 2882 turbinatae
1033 2830 1157 2887 varietas.
1253 2838 1256 2846 ’

180 2915 251 2969 Sunt
268 2917 339 2969 enim
356 2915 457 2968 similes
473 2915 632 2988 permultae,
653 2936 720 2990 quas
734 2917 889 2971 nominibus
907 2917 1043 2988 specificis
1061 2913 1158 2971 distin·

179 3024 259 3076 guere
274 3003 410 3065 solemus,
429 3022 589 3077 quamquam
603 3023 658 3058 non
676 3004 772 3060 melius
797 3025 812 3057 a
833 3014 928 3058 natura
942 3007 1001 3078 ipsa
1017 3007 1157 3060 discretas.

179 3091 280 3146 Saltem
294 3093 495 3146 innotescentia
511 3094 621 3164 penitus
636 3093 699 3158 alia,
715 3095 794 3147 flores
809 3094 1019 3158 subconvolati,
1032 3095 1162 3169 urceolus¹

176 3183 278 3251 minor,
300 3190 328 3234 et
351 3179 445 3234 foliola
459 3196 514 3234 non
526 3179 625 3257 subtus
640 3182 819 3256 pubescentia
838 3184 880 3235 nti
901 3184 930 3235 in
950 3184 981 3236 lt.
1003 3182 1156 3249 turbinem

177 3268 277 3330 verbo,
297 3288 346 3341 pro
365 3271 457 3342 specie
476 3271 572 3323 ceteris
598 3270 707 3342 analoga
726 3270 890 3327 sufficienter
911 3268 1018 3328 diversa
1041 3269 1156 3326 ridetur.

175 3357 270 3413 Variat
284 3358 397 3414 floribus
413 3360 498 3414 roseis
513 3369 541 3414 ct
557 3358 688 3414 subalbia.
710 3360 742 3412 T.

220 3497 272 3563 83.
375 3577 380 3586 ι
611 3503 643 3565 S.
665 3504 691 3565 l.
717 3527 765 3565 ιι.
