2759 4159
243 348 324 460 rt·

155 522 160 535 ’
258 552 429 625 ditabant,
461 550 591 633 species
614 567 678 632 pro
702 546 942 624 varietatibus,
962 550 1141 616 varietates
1167 567 1230 634 pro

130 624 133 631 .
154 730 157 737 Δ
258 652 446 739 speciebus.
469 651 622 716 Absurde
640 664 689 715 est
707 650 849 735 qualitas
868 649 1120 727 diversitatum,
1143 672 1232 735 quae

257 758 294 822 in
312 757 416 821 bortis
432 753 625 819 nominibus
644 754 820 839 specificis,
842 774 942 839 saepe
957 775 1028 819 non
1045 755 1156 818 minus
1171 753 1233 817 ab·

258 859 379 933 surdis,
403 856 661 939 distinguuntur.
684 855 750 920 Alii
765 876 828 942 pro
846 855 1065 922 varietatibus
1083 856 1231 919 varieta-

258 974 308 1027 tes
327 958 517 1033 declarant,
540 958 600 1022 sed
615 959 777 1043 speciem,
801 958 845 1023 ad
871 980 972 1044 quam
988 961 1072 1023 haee
1095 957 1151 1022 vel
1174 955 1236 1022 illa

257 1061 437 1127 referenda
453 1062 505 1136 sit,
522 1059 576 1129 vel
593 1059 681 1125 male
698 1062 895 1145 significant,
911 1060 966 1127 vel
980 1045 1115 1145 penitus
1133 1060 1234 1144 igno·

259 1178 343 1233 rant.
376 1167 483 1247 Saepe
511 1176 683 1247 magnates
708 1162 887 1247 horrendis
913 1164 1101 1247 sumptibus
1126 1164 1234 1227 nosa-

259 1285 334 1333 rum
353 1264 418 1343 sibi
438 1267 632 1338 thesaurum
651 1284 850 1349 comparare
875 1265 1030 1342 student,
1061 1265 1122 1330 sed
1137 1264 1235 1329 vanis

259 1368 453 1433 nominibus
477 1367 612 1451 decepti
629 1389 672 1433 ne
694 1369 832 1453 quidem
856 1368 1025 1433 decimam
1042 1368 1235 1451 specierum

242 1528 243 1533 ,
261 1470 471 1536 definitarum
490 1484 641 1554 partem,
670 1471 733 1535 sed
752 1471 887 1556 copiam
905 1472 1126 1545 varietatum,
1154 1466 1236 1533 sub-

154 1608 158 1621 ·
260 1574 461 1637 varietatum*
495 1586 528 1636 et
559 1573 810 1637 aberrationum
841 1571 1010 1638 leviorum
1043 1573 1234 1656 recipiunt,
1288 1639 1295 1659 ι

261 1696 372 1758 neque
401 1696 479 1739 oum
507 1697 622 1740 earum
648 1675 854 1750 rationibus,
880 1674 1168 1759 relationibusque
1192 1672 1236 1737 ad

262 1798 336 1843 suas
362 1778 492 1860 specics
516 1779 734 1843 instruuntur.
765 1777 861 1842 Tales
886 1790 998 1843 autem
1025 1779 1138 1863 potius
1155 1776 1234 1842 artis

176 1945 179 1950 ,
262 1899 363 1962 quam
387 1893 525 1945 naturae
553 1880 793 1963 productiones
821 1880 889 1943 eitc
913 1894 1076 1963 pereunt,
1106 1893 1141 1943 et
1165 1896 1236 1941 non

261 1994 399 2045 naturae
426 1983 563 2065 genium
577 1983 649 2047 ¹sod
673 1990 804 2047 tantuin
834 1980 1106 2047 indissolubilem
1132 1982 1235 2066 ipsius

262 2082 324 2146 sub
350 2082 506 2149 omnibus
530 2086 788 2151 circumstantiis
812 2084 1039 2168 integritatem
1058 2104 1236 2149 eommon-
1343 2150 1348 2159 ,

252 2198 376 2251 strant.

346 2286 532 2353 Immodica
551 2292 644 2354 'haec
668 2292 809 2354 nomina
824 2286 1023 2354 venditandi
1040 2287 1237 2372 proclivitas

262 2390 471 2457 adversarios
492 2392 739 2468 exstimulavit,
762 2413 822 2457 sua
837 2404 933 2475 perte
955 2408 1026 2453 non
1040 2389 1151 2455 miuus
1173 2410 1236 2453 ex-

245 2506 482 2579 travagantes.
506 2496 560 2558 Sic
579 2494 655 2559 cell.
673 2497 831 2559 Desvanx
846 2496 881 2556 in
897 2512 958 2557 suo
975 2511 1081 2577 opere
1097 2488 1235 2557 Journal

262 2596 305 2659 de
328 2598 513 2680 botanique
531 2599 631 2661 v.1v.
649 2618 682 2681 p.
706 2597 765 2662 115
784 2609 819 2660 et
840 2615 934 2680 seqq.
952 2594 1083 2681 species
1097 2613 1161 2677 pro
1175 2614 1228 2657 va

261 2699 436 2764 rietatibus
453 2698 618 2776 declarat,
636 2720 723 2785 quse
738 2720 782 2762 ne
801 2697 942 2783 quidem
959 2696 1002 2761 ad
1022 2692 1159 2761 easdem
1181 2716 1227 2758 se

261 2800 328 2862 ries
344 2801 525 2885 pertinent,
545 2802 587 2865 de
607 2822 673 2887 qua
687 2802 818 2887 species
834 2822 914 2866 suae
924 2797 1130 2885 principales
1146 2813 1226 2862 sunt·

263 2904 395 2993 Tamen!
415 2901 495 2966 alias
523 2904 674 2987 agnoscit
699 2903 852 2989 species,
868 2924 1021 2989 quarum
1043 2900 1228 2971 differentis

263 3002 449 3067 essentialis
467 3019 557 3069 certe
576 3026 645 3070 uon
661 3006 772 3091 major
791 3019 857 3082 est,
881 3027 982 3091 qnam
1000 3006 1085 3069 haee
1106 3020 1226 3077 earum

262 3126 345 3191 quas
373 3124 434 3189 pro
451 3096 667 3172 varietatibus
684 3107 878 3174 declaravit.
909 3108 965 3172 Sic
989 3128 1052 3191 pro
1073 3098 1227 3190 exemplo
1313 3194 1317 3200 ῃ
1371 3113 1372 3118 ’

261 3211 300 3272 R.
318 3207 449 3291 sepium
476 3220 508 3273 et
523 3212 561 3275 R.
581 3210 701 3275 canina
724 3231 794 3275 non
812 3211 918 3295 magis
934 3208 1112 3286 differunt,
1131 3223 1227 3291 qutm

259 3312 300 3405 lt.
312 3311 441 3377 canina
459 3314 539 3375 etit.
558 3310 691 3377 oollius.
709 3312 798 3391 Quid
814 3311 1107 3386 sutem‘dicamus,
1125 3325 1226 3393 qum·

262 3409 307 3475 do
326 3412 402 3479 cell.
433 3416 479 3479 Le
495 3418 601 3481 Jeune
628 3416 664 3481 in
679 3438 741 3487 sua
752 3416 851 3490 Flora
869 3413 1026 3500 spadana
1048 3416 1090 3481 ll.
1105 3411 1170 3481 515
1180 3408 1226 3473 ds
