<?xml version="1.0" encoding="UTF-8"?>
<!DOCTYPE html PUBLIC "-//W3C//DTD XHTML 1.0 Transitional//EN"
    "http://www.w3.org/TR/xhtml1/DTD/xhtml1-transitional.dtd">
<html xmlns="http://www.w3.org/1999/xhtml" xml:lang="en" lang="en">
 <head>
  <title>
</title>
<meta http-equiv="Content-Type" content="text/html;charset=utf-8" />
  <meta name='ocr-system' content='tesseract 3.04.00' />
  <meta name='ocr-capabilities' content='ocr_page ocr_carea ocr_par ocr_line ocrx_word'/>
</head>
<body>
  <div class='ocr_page' id='page_1' title='image "./rosacearummonog02tratgoog_0115.png"; bbox 0 0 2759 4159; ppageno 0'>
   <div class='ocr_carea' id='block_1_1' title="bbox 247 361 289 428">
    <p class='ocr_par' dir='ltr' id='par_1_1' title="bbox 247 361 289 428">
     <span class='ocr_line' id='line_1_1' title="bbox 247 361 289 428; baseline -0.048 0"><span class='ocrx_word' id='word_1_1' title='bbox 247 361 289 428; x_wconf 84' lang='grc'>86</span> 
     </span>
    </p>
   </div>
   <div class='ocr_carea' id='block_1_2' title="bbox 138 527 1222 1128">
    <p class='ocr_par' dir='ltr' id='par_1_2' title="bbox 138 527 1222 1028">
     <span class='ocr_line' id='line_1_2' title="bbox 227 527 1221 618; baseline 0.002 -23"><span class='ocrx_word' id='word_1_2' title='bbox 227 553 347 618; x_wconf 68' lang='lat' dir='ltr'>‘quam</span> <span class='ocrx_word' id='word_1_3' title='bbox 364 532 400 594; x_wconf 92' lang='lat' dir='ltr'>in</span> <span class='ocrx_word' id='word_1_4' title='bbox 413 528 485 595; x_wconf 86' lang='lat' dir='ltr'>ullo</span> <span class='ocrx_word' id='word_1_5' title='bbox 503 529 580 606; x_wconf 88' lang='lat' dir='ltr'>alio,</span> <span class='ocrx_word' id='word_1_6' title='bbox 603 527 683 614; x_wconf 89' lang='lat' dir='ltr'>quia</span> <span class='ocrx_word' id='word_1_7' title='bbox 694 528 731 592; x_wconf 91' lang='lat' dir='ltr'>in</span> <span class='ocrx_word' id='word_1_8' title='bbox 745 528 851 592; x_wconf 89' lang='lat' dir='ltr'>hortis</span> <span class='ocrx_word' id='word_1_9' title='bbox 867 532 998 613; x_wconf 85' lang='lat' dir='ltr'>species</span> <span class='ocrx_word' id='word_1_10' title='bbox 1014 550 1221 618; x_wconf 77' lang='lat' dir='ltr'>perpaucae,</span> 
     </span>
     <span class='ocr_line' id='line_1_3' title="bbox 138 629 1222 718; baseline 0.001 -18"><span class='ocrx_word' id='word_1_11' title='bbox 138 629 141 638; x_wconf 70' lang='grc'>’</span> <span class='ocrx_word' id='word_1_12' title='bbox 243 636 421 700; x_wconf 86' lang='lat' dir='ltr'>varietates</span> <span class='ocrx_word' id='word_1_13' title='bbox 440 654 522 698; x_wconf 88' lang='lat' dir='ltr'>vero</span> <span class='ocrx_word' id='word_1_14' title='bbox 531 631 698 716; x_wconf 83' lang='lat' dir='ltr'>plurimae</span> <span class='ocrx_word' id='word_1_15' title='bbox 714 629 892 707; x_wconf 87' lang='lat' dir='ltr'>habentur,</span> <span class='ocrx_word' id='word_1_16' title='bbox 915 631 1006 696; x_wconf 78' lang='lat' dir='ltr'>circa</span> <span class='ocrx_word' id='word_1_17' title='bbox 1025 655 1107 718; x_wconf 88' lang='lat' dir='ltr'>quas</span> <span class='ocrx_word' id='word_1_18' title='bbox 1127 635 1222 701; x_wconf 87' lang='lat' dir='ltr'>beati</span> 
     </span>
     <span class='ocr_line' id='line_1_4' title="bbox 242 731 1222 823; baseline 0.001 -21"><span class='ocrx_word' id='word_1_19' title='bbox 242 757 454 823; x_wconf 81' lang='lat' dir='ltr'>possessores</span> <span class='ocrx_word' id='word_1_20' title='bbox 471 735 646 799; x_wconf 78' lang='lat' dir='ltr'>informari</span> <span class='ocrx_word' id='word_1_21' title='bbox 662 733 807 810; x_wconf 89' lang='lat' dir='ltr'>debent,</span> <span class='ocrx_word' id='word_1_22' title='bbox 825 747 864 797; x_wconf 92' lang='lat' dir='ltr'>ut</span> <span class='ocrx_word' id='word_1_23' title='bbox 879 734 1018 800; x_wconf 79' lang='lat' dir='ltr'>tandem</span> <span class='ocrx_word' id='word_1_24' title='bbox 1037 731 1222 821; x_wconf 88' lang='lat' dir='ltr'>aliquando</span> 
     </span>
     <span class='ocr_line' id='line_1_5' title="bbox 243 835 1222 923; baseline 0.001 -19"><span class='ocrx_word' id='word_1_25' title='bbox 243 841 370 916; x_wconf 86' lang='lat' dir='ltr'>sciant,</span> <span class='ocrx_word' id='word_1_26' title='bbox 402 838 485 923; x_wconf 90' lang='lat' dir='ltr'>qnid</span> <span class='ocrx_word' id='word_1_27' title='bbox 511 836 677 915; x_wconf 84' lang='lat' dir='ltr'>habeant,</span> <span class='ocrx_word' id='word_1_28' title='bbox 708 835 960 922; x_wconf 84' lang='lat' dir='ltr'>quid.ulterius</span> <span class='ocrx_word' id='word_1_29' title='bbox 988 837 1136 903; x_wconf 85' lang='lat' dir='ltr'>debeant</span> <span class='ocrx_word' id='word_1_30' title='bbox 1154 840 1222 905; x_wconf 89' lang='lat' dir='ltr'>sibi</span> 
     </span>
     <span class='ocr_line' id='line_1_6' title="bbox 244 961 560 1028; baseline -0.006 -23"><span class='ocrx_word' id='word_1_31' title='bbox 244 961 452 1028; x_wconf 86' lang='lat' dir='ltr'>comparare.</span> <span class='ocrx_word' id='word_1_32' title='bbox 556 1000 560 1020; x_wconf 65' lang='lat'>,</span> 
     </span>
    </p>

    <p class='ocr_par' dir='ltr' id='par_1_3' title="bbox 327 1041 1219 1128">
     <span class='ocr_line' id='line_1_7' title="bbox 327 1041 1219 1128; baseline 0.001 -20"><span class='ocrx_word' id='word_1_33' title='bbox 327 1042 457 1125; x_wconf 80' lang='lat' dir='ltr'>Calycis</span> <span class='ocrx_word' id='word_1_34' title='bbox 471 1056 602 1128; x_wconf 89' lang='lat' dir='ltr'>partem</span> <span class='ocrx_word' id='word_1_35' title='bbox 619 1041 834 1118; x_wconf 77' lang='lat' dir='ltr'>interiorem,</span> <span class='ocrx_word' id='word_1_36' title='bbox 857 1043 1011 1126; x_wconf 81' lang='lat' dir='ltr'>germina</span> <span class='ocrx_word' id='word_1_37' title='bbox 1038 1041 1219 1109; x_wconf 84' lang='lat' dir='ltr'>includen-</span> 
     </span>
    </p>
   </div>
   <div class='ocr_carea' id='block_1_3' title="bbox 126 1144 1219 1229">
    <p class='ocr_par' dir='ltr' id='par_1_4' title="bbox 126 1144 1219 1229">
     <span class='ocr_line' id='line_1_8' title="bbox 126 1144 1219 1229; baseline 0.001 -19"><span class='ocrx_word' id='word_1_38' title='bbox 126 1204 129 1210; x_wconf 93' lang='grc'><em>,</em></span> <span class='ocrx_word' id='word_1_39' title='bbox 242 1161 331 1223; x_wconf 88' lang='lat' dir='ltr'>tem,</span> <span class='ocrx_word' id='word_1_40' title='bbox 355 1159 508 1210; x_wconf 88' lang='lat' dir='ltr'>auctores</span> <span class='ocrx_word' id='word_1_41' title='bbox 523 1144 627 1210; x_wconf 90' lang='lat' dir='ltr'>modo</span> <span class='ocrx_word' id='word_1_42' title='bbox 643 1164 795 1229; x_wconf 79' lang='lat' dir='ltr'>germen,</span> <span class='ocrx_word' id='word_1_43' title='bbox 818 1144 922 1208; x_wconf 92' lang='lat' dir='ltr'>modo</span> <span class='ocrx_word' id='word_1_44' title='bbox 942 1145 1065 1228; x_wconf 85' lang='lat' dir='ltr'>calycis</span> <span class='ocrx_word' id='word_1_45' title='bbox 1086 1145 1219 1223; x_wconf 88' lang='lat' dir='ltr'>tubum,</span> 
     </span>
    </p>
   </div>
   <div class='ocr_carea' id='block_1_4' title="bbox 241 1245 1220 1641">
    <p class='ocr_par' dir='ltr' id='par_1_5' title="bbox 241 1245 1220 1641">
     <span class='ocr_line' id='line_1_9' title="bbox 242 1245 1219 1334; baseline 0.001 -22"><span class='ocrx_word' id='word_1_46' title='bbox 242 1249 346 1312; x_wconf 91' lang='lat' dir='ltr'>modo</span> <span class='ocrx_word' id='word_1_47' title='bbox 373 1247 647 1334; x_wconf 84' lang='lat' dir='ltr'>receptaculum,</span> <span class='ocrx_word' id='word_1_48' title='bbox 679 1245 783 1311; x_wconf 93' lang='lat' dir='ltr'>modo</span> <span class='ocrx_word' id='word_1_49' title='bbox 819 1245 966 1312; x_wconf 80' lang='lat' dir='ltr'>fructum</span> <span class='ocrx_word' id='word_1_50' title='bbox 995 1247 1219 1333; x_wconf 87' lang='lat' dir='ltr'>appellarunt.</span> 
     </span>
     <span class='ocr_line' id='line_1_10' title="bbox 243 1348 1219 1436; baseline 0 -22"><span class='ocrx_word' id='word_1_51' title='bbox 243 1351 310 1414; x_wconf 89' lang='lat' dir='ltr'>Sed</span> <span class='ocrx_word' id='word_1_52' title='bbox 336 1373 455 1414; x_wconf 89' lang='lat' dir='ltr'>revera</span> <span class='ocrx_word' id='word_1_53' title='bbox 475 1371 587 1435; x_wconf 88' lang='lat' dir='ltr'>neque</span> <span class='ocrx_word' id='word_1_54' title='bbox 619 1371 779 1435; x_wconf 81' lang='lat' dir='ltr'>germen,</span> <span class='ocrx_word' id='word_1_55' title='bbox 812 1369 924 1434; x_wconf 89' lang='lat' dir='ltr'>neque</span> <span class='ocrx_word' id='word_1_56' title='bbox 949 1348 1073 1428; x_wconf 87' lang='lat' dir='ltr'>tubus,</span> <span class='ocrx_word' id='word_1_57' title='bbox 1104 1373 1219 1436; x_wconf 90' lang='lat' dir='ltr'>neque</span> 
     </span>
     <span class='ocr_line' id='line_1_11' title="bbox 241 1452 1220 1538; baseline -0.004 -20"><span class='ocrx_word' id='word_1_58' title='bbox 241 1452 514 1538; x_wconf 81' lang='lat' dir='ltr'>receptaculum,</span> <span class='ocrx_word' id='word_1_59' title='bbox 537 1473 650 1537; x_wconf 89' lang='lat' dir='ltr'>neque</span> <span class='ocrx_word' id='word_1_60' title='bbox 677 1452 805 1518; x_wconf 79' lang='lat' dir='ltr'>fructus</span> <span class='ocrx_word' id='word_1_61' title='bbox 833 1465 904 1528; x_wconf 86' lang='lat' dir='ltr'>est,</span> <span class='ocrx_word' id='word_1_62' title='bbox 926 1452 988 1516; x_wconf 92' lang='lat' dir='ltr'>sed</span> <span class='ocrx_word' id='word_1_63' title='bbox 1012 1473 1105 1516; x_wconf 90' lang='lat' dir='ltr'>mera</span> <span class='ocrx_word' id='word_1_64' title='bbox 1127 1452 1220 1535; x_wconf 82' lang='lat' dir='ltr'>caly-</span> 
     </span>
     <span class='ocr_line' id='line_1_12' title="bbox 242 1554 1219 1641; baseline -0.003 -21"><span class='ocrx_word' id='word_1_65' title='bbox 242 1558 289 1620; x_wconf 91' lang='lat' dir='ltr'>cis</span> <span class='ocrx_word' id='word_1_66' title='bbox 306 1555 457 1630; x_wconf 83' lang='lat' dir='ltr'>dilatatio</span> <span class='ocrx_word' id='word_1_67' title='bbox 473 1554 676 1632; x_wconf 83' lang='lat' dir='ltr'>urceolaris,</span> <span class='ocrx_word' id='word_1_68' title='bbox 699 1557 835 1641; x_wconf 86' lang='lat' dir='ltr'>saepius</span> <span class='ocrx_word' id='word_1_69' title='bbox 856 1576 1002 1641; x_wconf 84' lang='lat' dir='ltr'>superne</span> <span class='ocrx_word' id='word_1_70' title='bbox 1023 1555 1219 1633; x_wconf 84' lang='lat' dir='ltr'>constricta,</span> 
     </span>
    </p>
   </div>
   <div class='ocr_carea' id='block_1_5' title="bbox 242 1653 1345 1756">
    <p class='ocr_par' dir='ltr' id='par_1_6' title="bbox 242 1653 1345 1756">
     <span class='ocr_line' id='line_1_13' title="bbox 242 1653 1345 1756; baseline -0.004 -34"><span class='ocrx_word' id='word_1_71' title='bbox 242 1673 276 1723; x_wconf 85' lang='lat' dir='ltr'>et</span> <span class='ocrx_word' id='word_1_72' title='bbox 292 1673 364 1724; x_wconf 90' lang='lat' dir='ltr'>tum</span> <span class='ocrx_word' id='word_1_73' title='bbox 382 1659 571 1756; x_wconf 73' lang='lat' dir='ltr'>turbinata,</span> <span class='ocrx_word' id='word_1_74' title='bbox 602 1657 741 1723; x_wconf 90' lang='lat' dir='ltr'>taudem</span> <span class='ocrx_word' id='word_1_75' title='bbox 759 1659 795 1721; x_wconf 90' lang='lat' dir='ltr'>in</span> <span class='ocrx_word' id='word_1_76' title='bbox 819 1659 840 1724; x_wconf 82' lang='lat'><strong>5</strong></span> <span class='ocrx_word' id='word_1_77' title='bbox 863 1671 1038 1744; x_wconf 85' lang='lat' dir='ltr'>segmenta</span> <span class='ocrx_word' id='word_1_78' title='bbox 1055 1679 1116 1722; x_wconf 88' lang='lat' dir='ltr'>seu</span> <span class='ocrx_word' id='word_1_79' title='bbox 1134 1656 1221 1731; x_wconf 60' lang='lat' dir='ltr'>laci:</span> <span class='ocrx_word' id='word_1_80' title='bbox 1254 1653 1256 1657; x_wconf 70' lang='grc'><strong>’</strong></span> <span class='ocrx_word' id='word_1_81' title='bbox 1285 1677 1296 1700; x_wconf 68' lang='lat' dir='ltr'><em>s</em></span> <span class='ocrx_word' id='word_1_82' title='bbox 1340 1700 1345 1708; x_wconf 76' lang='lat'>,</span> 
     </span>
    </p>
   </div>
   <div class='ocr_carea' id='block_1_6' title="bbox 165 1758 1253 3178">
    <p class='ocr_par' dir='ltr' id='par_1_7' title="bbox 237 1758 1253 2561">
     <span class='ocr_line' id='line_1_14' title="bbox 239 1758 1220 1851; baseline -0.005 -25"><span class='ocrx_word' id='word_1_83' title='bbox 239 1764 312 1826; x_wconf 87' lang='lat' dir='ltr'>nias</span> <span class='ocrx_word' id='word_1_84' title='bbox 330 1759 447 1839; x_wconf 84' lang='lat' dir='ltr'>divisa,</span> <span class='ocrx_word' id='word_1_85' title='bbox 471 1783 558 1847; x_wconf 87' lang='lat' dir='ltr'>quae</span> <span class='ocrx_word' id='word_1_86' title='bbox 578 1760 670 1851; x_wconf 83' lang='lat' dir='ltr'>ipsae</span> <span class='ocrx_word' id='word_1_87' title='bbox 699 1759 756 1830; x_wconf 83' lang='lat' dir='ltr'>vel</span> <span class='ocrx_word' id='word_1_88' title='bbox 775 1761 946 1845; x_wconf 84' lang='lat' dir='ltr'>simplices</span> <span class='ocrx_word' id='word_1_89' title='bbox 970 1773 1048 1826; x_wconf 85' lang='lat' dir='ltr'>sunt</span> <span class='ocrx_word' id='word_1_90' title='bbox 1065 1758 1121 1826; x_wconf 90' lang='lat' dir='ltr'>vel</span> <span class='ocrx_word' id='word_1_91' title='bbox 1137 1761 1220 1844; x_wconf 86' lang='lat' dir='ltr'>pin-</span> 
     </span>
     <span class='ocr_line' id='line_1_15' title="bbox 238 1860 1253 1949; baseline -0.003 -21"><span class='ocrx_word' id='word_1_92' title='bbox 238 1864 414 1941; x_wconf 83' lang='lat' dir='ltr'>natifidae,</span> <span class='ocrx_word' id='word_1_93' title='bbox 438 1860 739 1949; x_wconf 78' lang='lat' dir='ltr'>appendiculatae,</span> <span class='ocrx_word' id='word_1_94' title='bbox 763 1862 971 1949; x_wconf 84' lang='lat' dir='ltr'>spathulatae&#39;</span> <span class='ocrx_word' id='word_1_95' title='bbox 997 1862 1054 1943; x_wconf 74' lang='lat' dir='ltr'>uel</span> <span class='ocrx_word' id='word_1_96' title='bbox 1079 1862 1217 1932; x_wconf 85' lang='lat' dir='ltr'>loliolo·</span> <span class='ocrx_word' id='word_1_97' title='bbox 1251 1897 1253 1902; x_wconf 95' lang='lat'>·</span> 
     </span>
     <span class='ocr_line' id='line_1_16' title="bbox 239 1949 1249 2052; baseline -0.002 -22"><span class='ocrx_word' id='word_1_98' title='bbox 239 1987 306 2030; x_wconf 84' lang='lat' dir='ltr'>sae.</span> <span class='ocrx_word' id='word_1_99' title='bbox 337 1968 417 2033; x_wconf 89' lang='lat' dir='ltr'>Dixi</span> <span class='ocrx_word' id='word_1_100' title='bbox 435 1949 516 2051; x_wconf 82' lang='lat' dir='ltr'>ergo</span> <span class='ocrx_word' id='word_1_101' title='bbox 533 1964 627 2030; x_wconf 91' lang='lat' dir='ltr'>illam</span> <span class='ocrx_word' id='word_1_102' title='bbox 641 1964 765 2049; x_wconf 84' lang='lat' dir='ltr'>calycis</span> <span class='ocrx_word' id='word_1_103' title='bbox 789 1979 921 2052; x_wconf 82' lang='lat' dir='ltr'>partem</span> <span class='ocrx_word' id='word_1_104' title='bbox 942 1965 1141 2030; x_wconf 80' lang='lat' dir='ltr'>inferiorem</span> <span class='ocrx_word' id='word_1_105' title='bbox 1159 1986 1218 2028; x_wconf 86' lang='lat' dir='ltr'>ur-</span> <span class='ocrx_word' id='word_1_106' title='bbox 1244 1951 1249 1961; x_wconf 68' lang='grc'>’</span> 
     </span>
     <span class='ocr_line' id='line_1_17' title="bbox 239 2065 1216 2152; baseline -0.002 -20"><span class='ocrx_word' id='word_1_107' title='bbox 239 2069 393 2152; x_wconf 89' lang='lat' dir='ltr'>ceolum,</span> <span class='ocrx_word' id='word_1_108' title='bbox 416 2065 491 2133; x_wconf 77' lang='lat' dir='ltr'>sive</span> <span class='ocrx_word' id='word_1_109' title='bbox 502 2069 544 2132; x_wconf 90' lang='lat' dir='ltr'>sit</span> <span class='ocrx_word' id='word_1_110' title='bbox 561 2067 703 2152; x_wconf 84' lang='lat' dir='ltr'>globosa</span> <span class='ocrx_word' id='word_1_111' title='bbox 719 2070 789 2132; x_wconf 85' lang='lat' dir='ltr'>sive</span> <span class='ocrx_word' id='word_1_112' title='bbox 812 2081 927 2145; x_wconf 84' lang='lat' dir='ltr'>ovata,</span> <span class='ocrx_word' id='word_1_113' title='bbox 958 2069 1029 2133; x_wconf 85' lang='lat' dir='ltr'>sire</span> <span class='ocrx_word' id='word_1_114' title='bbox 1054 2065 1216 2152; x_wconf 83' lang='lat' dir='ltr'>elliptica,</span> 
     </span>
     <span class='ocr_line' id='line_1_18' title="bbox 239 2169 1216 2257; baseline -0.002 -23"><span class='ocrx_word' id='word_1_115' title='bbox 239 2170 387 2257; x_wconf 85' lang='lat' dir='ltr'>oblonga</span> <span class='ocrx_word' id='word_1_116' title='bbox 409 2169 465 2236; x_wconf 87' lang='lat' dir='ltr'>vel</span> <span class='ocrx_word' id='word_1_117' title='bbox 490 2170 670 2236; x_wconf 82' lang='lat' dir='ltr'>turbinata.</span> <span class='ocrx_word' id='word_1_118' title='bbox 706 2170 784 2256; x_wconf 85' lang='lat' dir='ltr'>Ejus</span> <span class='ocrx_word' id='word_1_119' title='bbox 811 2172 902 2235; x_wconf 88' lang='lat' dir='ltr'>enim</span> <span class='ocrx_word' id='word_1_120' title='bbox 924 2169 1112 2235; x_wconf 88' lang='lat' dir='ltr'>similitudo</span> <span class='ocrx_word' id='word_1_121' title='bbox 1137 2189 1216 2233; x_wconf 92' lang='lat' dir='ltr'>cum</span> 
     </span>
     <span class='ocr_line' id='line_1_19' title="bbox 237 2258 1219 2365; baseline -0.004 -27"><span class='ocrx_word' id='word_1_122' title='bbox 237 2296 337 2358; x_wconf 81' lang='lat' dir='ltr'>vase,</span> <span class='ocrx_word' id='word_1_123' title='bbox 359 2273 499 2338; x_wconf 87' lang='lat' dir='ltr'>urceolo</span> <span class='ocrx_word' id='word_1_124' title='bbox 519 2275 621 2364; x_wconf 85' lang='lat' dir='ltr'>dicto,</span> <span class='ocrx_word' id='word_1_125' title='bbox 645 2258 805 2337; x_wconf 78' lang='lat' dir='ltr'>facillime</span> <span class='ocrx_word' id='word_1_126' title='bbox 823 2274 1025 2365; x_wconf 77' lang='lat' dir='ltr'>concipitur.</span> <span class='ocrx_word' id='word_1_127' title='bbox 1054 2275 1144 2335; x_wconf 87' lang='lat' dir='ltr'>llaec</span> <span class='ocrx_word' id='word_1_128' title='bbox 1161 2290 1219 2353; x_wconf 64' lang='lat' dir='ltr'>s03</span> 
     </span>
     <span class='ocr_line' id='line_1_20' title="bbox 237 2375 1214 2463; baseline -0.002 -25"><span class='ocrx_word' id='word_1_129' title='bbox 237 2376 271 2440; x_wconf 91' lang='lat' dir='ltr'>la</span> <span class='ocrx_word' id='word_1_130' title='bbox 302 2392 403 2463; x_wconf 84' lang='lat' dir='ltr'>atque</span> <span class='ocrx_word' id='word_1_131' title='bbox 431 2378 533 2450; x_wconf 86' lang='lat' dir='ltr'>unica</span> <span class='ocrx_word' id='word_1_132' title='bbox 555 2377 728 2441; x_wconf 85' lang='lat' dir='ltr'>innovatio</span> <span class='ocrx_word' id='word_1_133' title='bbox 765 2388 840 2454; x_wconf 86' lang='lat' dir='ltr'>cst,</span> <span class='ocrx_word' id='word_1_134' title='bbox 881 2396 983 2461; x_wconf 85' lang='lat' dir='ltr'>quam</span> <span class='ocrx_word' id='word_1_135' title='bbox 1010 2375 1214 2462; x_wconf 83' lang='lat' dir='ltr'>necessitate</span> 
     </span>
     <span class='ocr_line' id='line_1_21' title="bbox 237 2477 703 2561; baseline -0.006 -17"><span class='ocrx_word' id='word_1_136' title='bbox 237 2493 392 2561; x_wconf 83' lang='lat' dir='ltr'>coactus,</span> <span class='ocrx_word' id='word_1_137' title='bbox 416 2480 500 2545; x_wconf 92' lang='lat' dir='ltr'>mihi</span> <span class='ocrx_word' id='word_1_138' title='bbox 515 2477 703 2542; x_wconf 88' lang='lat' dir='ltr'>sumebam.</span> 
     </span>
    </p>

    <p class='ocr_par' dir='ltr' id='par_1_8' title="bbox 165 2577 1218 2985">
     <span class='ocr_line' id='line_1_22' title="bbox 317 2577 1214 2666; baseline -0.007 -19"><span class='ocrx_word' id='word_1_139' title='bbox 317 2583 358 2647; x_wconf 85' lang='lat' dir='ltr'>Et</span> <span class='ocrx_word' id='word_1_140' title='bbox 373 2583 421 2646; x_wconf 93' lang='lat' dir='ltr'>sic</span> <span class='ocrx_word' id='word_1_141' title='bbox 436 2580 575 2644; x_wconf 85' lang='lat' dir='ltr'>tandem</span> <span class='ocrx_word' id='word_1_142' title='bbox 591 2580 813 2650; x_wconf 84' lang='lat' dir='ltr'>sufficientem</span> <span class='ocrx_word' id='word_1_143' title='bbox 831 2581 996 2653; x_wconf 76' lang='lat' dir='ltr'>rationem</span> <span class='ocrx_word' id='word_1_144' title='bbox 1018 2577 1061 2652; x_wconf 83' lang='lat' dir='ltr'>de</span> <span class='ocrx_word' id='word_1_145' title='bbox 1081 2598 1160 2642; x_wconf 86' lang='lat' dir='ltr'>meo</span> <span class='ocrx_word' id='word_1_146' title='bbox 1178 2578 1214 2666; x_wconf 80' lang='lat' dir='ltr'>in</span> 
     </span>
     <span class='ocr_line' id='line_1_23' title="bbox 235 2682 1218 2776; baseline -0.002 -32"><span class='ocrx_word' id='word_1_147' title='bbox 235 2685 399 2776; x_wconf 65' lang='lat' dir='ltr'>itesamm</span> <span class='ocrx_word' id='word_1_148' title='bbox 424 2682 639 2748; x_wconf 88' lang='lat' dir='ltr'>multitudine</span> <span class='ocrx_word' id='word_1_149' title='bbox 657 2682 775 2749; x_wconf 85' lang='lat' dir='ltr'>labore</span> <span class='ocrx_word' id='word_1_150' title='bbox 793 2683 983 2749; x_wconf 85' lang='lat' dir='ltr'>reddidisse</span> <span class='ocrx_word' id='word_1_151' title='bbox 1002 2693 1106 2767; x_wconf 85' lang='lat' dir='ltr'>puto,</span> <span class='ocrx_word' id='word_1_152' title='bbox 1130 2699 1218 2744; x_wconf 88' lang='lat' dir='ltr'>cou-.</span> 
     </span>
     <span class='ocr_line' id='line_1_24' title="bbox 235 2773 1215 2874; baseline -0.002 -27"><span class='ocrx_word' id='word_1_153' title='bbox 235 2796 347 2848; x_wconf 87' lang='lat' dir='ltr'>tentus</span> <span class='ocrx_word' id='word_1_154' title='bbox 367 2787 395 2864; x_wconf 81' lang='lat' dir='ltr'>si</span> <span class='ocrx_word' id='word_1_155' title='bbox 412 2773 558 2851; x_wconf 87' lang='lat' dir='ltr'>lectores</span> <span class='ocrx_word' id='word_1_156' title='bbox 581 2806 652 2851; x_wconf 91' lang='lat' dir='ltr'>non</span> <span class='ocrx_word' id='word_1_157' title='bbox 676 2801 824 2874; x_wconf 79' lang='lat' dir='ltr'>negent,</span> <span class='ocrx_word' id='word_1_158' title='bbox 852 2807 908 2851; x_wconf 88' lang='lat' dir='ltr'>me</span> <span class='ocrx_word' id='word_1_159' title='bbox 935 2783 1124 2872; x_wconf 83' lang='lat' dir='ltr'>aliquid&#39;iu</span> <span class='ocrx_word' id='word_1_160' title='bbox 1145 2795 1215 2865; x_wconf 75' lang='lat' dir='ltr'>tatu</span> 
     </span>
     <span class='ocr_line' id='line_1_25' title="bbox 165 2883 1214 2985; baseline -0.002 -37"><span class='ocrx_word' id='word_1_161' title='bbox 165 2977 168 2985; x_wconf 88' lang='lat'><em>.</em></span> <span class='ocrx_word' id='word_1_162' title='bbox 236 2883 364 2950; x_wconf 84' lang='lat' dir='ltr'>difficili</span> <span class='ocrx_word' id='word_1_163' title='bbox 395 2909 502 2972; x_wconf 87' lang='lat' dir='ltr'>penso</span> <span class='ocrx_word' id='word_1_164' title='bbox 527 2891 751 2975; x_wconf 77' lang='lat' dir='ltr'>praestitisse,</span> <span class='ocrx_word' id='word_1_165' title='bbox 775 2902 808 2958; x_wconf 87' lang='lat' dir='ltr'>et</span> <span class='ocrx_word' id='word_1_166' title='bbox 831 2891 996 2965; x_wconf 84' lang='lat' dir='ltr'>Rosamm</span> <span class='ocrx_word' id='word_1_167' title='bbox 1026 2885 1214 2971; x_wconf 82' lang='lat' dir='ltr'>cognitioni</span> 
     </span>
    </p>

    <p class='ocr_par' dir='ltr' id='par_1_9' title="bbox 234 2988 1215 3178">
     <span class='ocr_line' id='line_1_26' title="bbox 236 2988 1215 3078; baseline 0 -27"><span class='ocrx_word' id='word_1_168' title='bbox 236 2988 366 3071; x_wconf 86' lang='lat' dir='ltr'>aliquot</span> <span class='ocrx_word' id='word_1_169' title='bbox 389 2988 564 3055; x_wconf 81' lang='lat' dir='ltr'>obstacula</span> <span class='ocrx_word' id='word_1_170' title='bbox 589 2995 767 3058; x_wconf 80' lang='lat' dir='ltr'>amovisse.</span> <span class='ocrx_word' id='word_1_171' title='bbox 798 2997 1023 3078; x_wconf 86' lang='lat' dir='ltr'>iuposterum</span> <span class='ocrx_word' id='word_1_172' title='bbox 1044 2989 1143 3059; x_wconf 87' lang='lat' dir='ltr'>multi</span> <span class='ocrx_word' id='word_1_173' title='bbox 1160 3010 1215 3052; x_wconf 86' lang='lat' dir='ltr'>er-</span> 
     </span>
     <span class='ocr_line' id='line_1_27' title="bbox 234 3093 1214 3178; baseline 0.001 -25"><span class='ocrx_word' id='word_1_174' title='bbox 234 3109 328 3154; x_wconf 88' lang='lat' dir='ltr'>rores</span> <span class='ocrx_word' id='word_1_175' title='bbox 348 3110 388 3155; x_wconf 94' lang='lat' dir='ltr'>eo</span> <span class='ocrx_word' id='word_1_176' title='bbox 405 3093 508 3158; x_wconf 80' lang='lat' dir='ltr'>nitius</span> <span class='ocrx_word' id='word_1_177' title='bbox 528 3095 759 3178; x_wconf 80' lang='lat' dir='ltr'>corrigentur,</span> <span class='ocrx_word' id='word_1_178' title='bbox 783 3118 863 3161; x_wconf 88' lang='lat' dir='ltr'>cum</span> <span class='ocrx_word' id='word_1_179' title='bbox 882 3097 946 3159; x_wconf 82' lang='lat' dir='ltr'>hac</span> <span class='ocrx_word' id='word_1_180' title='bbox 965 3093 1214 3178; x_wconf 85' lang='lat' dir='ltr'>compositione</span> 
     </span>
    </p>
   </div>
   <div class='ocr_carea' id='block_1_7' title="bbox 121 3193 1216 3284">
    <p class='ocr_par' dir='ltr' id='par_1_10' title="bbox 121 3193 1216 3284">
     <span class='ocr_line' id='line_1_28' title="bbox 121 3193 1216 3284; baseline 0 -28"><span class='ocrx_word' id='word_1_181' title='bbox 121 3220 127 3229; x_wconf 87' lang='lat'><em>·</em></span> <span class='ocrx_word' id='word_1_182' title='bbox 235 3193 342 3258; x_wconf 89' lang='lat' dir='ltr'>oculis</span> <span class='ocrx_word' id='word_1_183' title='bbox 362 3195 514 3264; x_wconf 88' lang='lat' dir='ltr'>omnium</span> <span class='ocrx_word' id='word_1_184' title='bbox 534 3210 758 3264; x_wconf 82' lang='lat' dir='ltr'>scrutatorum</span> <span class='ocrx_word' id='word_1_185' title='bbox 779 3200 865 3263; x_wconf 90' lang='lat' dir='ltr'>uniti</span> <span class='ocrx_word' id='word_1_186' title='bbox 882 3196 1116 3284; x_wconf 83' lang='lat' dir='ltr'>subjiciuntur.</span> <span class='ocrx_word' id='word_1_187' title='bbox 1143 3193 1216 3257; x_wconf 87' lang='lat' dir='ltr'>Uti-</span> 
     </span>
    </p>
   </div>
   <div class='ocr_carea' id='block_1_8' title="bbox 173 3291 1215 3570">
    <p class='ocr_par' dir='ltr' id='par_1_11' title="bbox 173 3291 1215 3570">
     <span class='ocr_line' id='line_1_29' title="bbox 208 3291 1215 3397; baseline 0.003 -41"><span class='ocrx_word' id='word_1_188' title='bbox 208 3325 214 3346; x_wconf 79' lang='lat'>=</span> <span class='ocrx_word' id='word_1_189' title='bbox 236 3315 302 3379; x_wconf 89' lang='lat' dir='ltr'>qne</span> <span class='ocrx_word' id='word_1_190' title='bbox 320 3291 439 3360; x_wconf 84' lang='lat' dir='ltr'>alleret</span> <span class='ocrx_word' id='word_1_191' title='bbox 456 3297 602 3384; x_wconf 88' lang='lat' dir='ltr'>denique</span> <span class='ocrx_word' id='word_1_192' title='bbox 614 3299 773 3397; x_wconf 78' lang='lat' dir='ltr'>lucemct</span> <span class='ocrx_word' id='word_1_193' title='bbox 792 3301 1138 3378; x_wconf 84' lang='lat' dir='ltr'>huicintricatissimo</span> <span class='ocrx_word' id='word_1_194' title='bbox 1153 3317 1215 3380; x_wconf 80' lang='lat' dir='ltr'>gc·</span> 
     </span>
     <span class='ocr_line' id='line_1_30' title="bbox 173 3397 413 3492; baseline 0.004 -28"><span class='ocrx_word' id='word_1_195' title='bbox 173 3483 176 3492; x_wconf 29' lang='grc'><strong>,</strong></span> <span class='ocrx_word' id='word_1_196' title='bbox 236 3397 312 3466; x_wconf 82' lang='lat' dir='ltr'>neri</span> <span class='ocrx_word' id='word_1_197' title='bbox 330 3399 413 3464; x_wconf 77' lang='lat' dir='ltr'>dies.</span> 
     </span>
     <span class='ocr_line' id='line_1_31' title="bbox 985 3508 1020 3570; baseline -0.057 0"><span class='ocrx_word' id='word_1_198' title='bbox 985 3508 1020 3570; x_wconf 80' lang='grc' dir='ltr'>Τ.</span> 
     </span>
    </p>
   </div>
   <div class='ocr_carea' id='block_1_9' title="bbox 0 0 1384 4159">
    <p class='ocr_par' dir='ltr' id='par_1_12' title="bbox 0 0 1384 4159">
     <span class='ocr_line' id='line_1_32' title="bbox 0 0 1384 4159; baseline 0 2"><span class='ocrx_word' id='word_1_199' title='bbox 0 0 1384 4159; x_wconf 95' lang='lat' dir='ltr'> </span> 
     </span>
    </p>
   </div>
  </div>
 </body>
</html>
