2759 4159
264 316 311 401 50-

260 472 420 573 aliisaep'ro
440 483 657 547 varietatibus
678 480 868 547 declaratae
888 481 931 545 ad
952 483 1119 569 principia
1147 504 1240 570 con-⁸

258 587 379 662 formia
398 586 641 665 stabilirentur,
660 598 694 647 et
717 586 884 649 certitudo
912 584 1083 668 possibilis
1106 586 1239 672 redde-v

171 766 175 773 Ι
258 702 360 764 retur,
383 710 464 751 num
482 708 544 771 pro
562 687 752 770 speciebus,
781 687 837 752 vel
862 688 1078 752 varietatibus
1098 680 1230 751 haben-

258 792 320 855 dae
342 793 416 854 sint.

341 898 380 955 In
398 892 527 955 cunctis
543 892 656 955 causis,
669 913 747 955 mea
762 892 904 955 intentio
920 893 993 969 fuit,
1016 915 1089 956 rem
1106 896 1152 956 ita
1166 915 1230 957 ex-

256 994 416 1079 plicandi,
439 1006 476 1057 ut
502 993 644 1077 quilibet
670 995 755 1056 scire
783 996 908 1078 possit,
931 994 1015 1079 quid
1036 995 1231 1078 usquedum

257 1097 383 1161 sactum
406 1097 466 1172 sit,
500 1096 586 1179 quid¹
606 1094 715 1159 adhuc
741 1096 976 1160 desideretur?
1008 1100 1080 1160 Non
1108 1096 1232 1159 reticui

228 1268 235 1275 ,
258 1220 368 1271 meam
387 1200 595 1283 opinionem,
619 1198 801 1279 sedetiam
825 1197 1050 1273 adversariam
1077 1197 1230 1281 adposui.

256 1290 379 1377 Verbo',
404 1302 546 1384 species,
571 1322 653 1385 quas
667 1302 733 1363 hoc
753 1284 830 1363 loco
849 1320 910 1383 pro
932 1299 1055 1363 talibus·
1074 1300 1230 1382 exposui,

255 1424 317 1489 pro
338 1424 413 1465 mea
428 1404 594 1491 opinione,
606 1416 736 1483 tautum
754 1402 932 1477 differunt,
956 1414 1119 1485 quantum
1138 1414 1231 1469 cete-

256 1528 313 1593 rae
331 1506 366 1567 in
386 1504 458 1567 aliis
475 1505 658 1587 generibus
676 1526 695 1567 a
714 1502 900 1588 majoritate
920 1504 1158 1566 Botanicorum
1174 1525 1230 1583 ref
1263 1542 1268 1553 ι

257 1620 373 1693 ceptae
402 1605 507 1671 veluti
532 1608 569 1671 in
589 1606 770 1691 generibus
798 1606 942 1681 caricis,
965 1605 1074 1688 Iridis,
1097 1592 1229 1680 Salicis,

205 1792 207 1799 Ι
258 1708 496 1793 Campanulae,
520 1710 706 1771 veronicae
730 1721 764 1769 et
779 1709 853 1771 sim.
877 1710 965 1783 Quas
985 1720 1097 1771 autern
1116 1728 1160 1770 ex
1183 1692 1232 1790 is{

255 1814 297 1875 tis
321 1811 454 1895 judices
474 1794 706 1893 competentes
726 1812 762 1873 in
786 1810 935 1874 futurum
957 1795 1151 1893 promeris
1170 1828 1229 1871 va-

254 1913 428 1993 rietatibus
447 1911 676 2002 declarabunt,
701 1934 756 1977 eas
770 1925 891 1996 parato·
910 1912 1023 1983 animo
1045 1934 1063 1973 e
1083 1923 1228 1998 catastro

163 2062 167 2071 =
254 2014 461 2093 removeb03
484 2015 544 2077 sed
561 2007 642 2079 sirie
669 2014 785 2090 dubio,
815 2028 853 2078 ut
882 2015 1061 2079 varietates
1089 2013 1228 2097 majoris

255 2118 437 2194 momenti,
461 2118 645 2179 attentione
665 2130 698 2179 et
715 2118 880 2181 memoria
902 2104 1158 2194 observatorum
1174 2113 1227 2175 ul-
1272 2173 1275 2176 ,

254 2221 358 2283 terius
386 2218 507 2302 dignae
537 2218 760 2283 habebuntur.
801 2218 931 2297 Plantas
961 2216 1119 2299 hybridas
1158 2236 1229 2278 non

252 2323 349 2405 potui
383 2320 600 2386 varietatibus
634 2320 849 2397 adscribere3
880 2342 960 2384 nam
994 2306 1136 2384 varietas
1178 2329 1228 2401 est

253 2425 353 2487 unius
373 2425 510 2509 speciei,
532 2423 647 2507 planta
669 2422 813 2504 hybrida
841 2443 922 2488 vero
950 2422 992 2485 de
1019 2421 1149 2485 duabus
1173 2419 1226 2502 di‘.

232 2527 359 2589 ,versis
381 2540 475 2601 orta,
506 2524 618 2589 nullae
645 2525 764 2610 majori
787 2524 861 2610 jure
891 2524 994 2589 tribui
1017 2536 1148 2609 potest3
1173 2535 1226 2605 et,
1279 2558 1284 2566 ,

255 2644 332 2687 eum
354 2628 454 2689 ctiam
473 2628 507 2689 in
521 2626 629 2697 libera
647 2641 767 2692 natura
784 2629 898 2714 plures
919 2629 1065 2705 existant
1082 2626 1224 2709 species,
1245 2668 1250 2674 -

255 2747 340 2809 quae
360 2748 403 2795 ex
418 2730 644 2811 permixtione
668 2732 858 2815 specierum
881 2730 1089 2793 diversarum
1113 2728 1224 2812 primo
1243 2741 1250 2822 Ἰ

255 2840 372 2889 enatae
390 2828 542 2907 fuerunt,
565 2853 634 2895 nou
662 2832 833 2910 dubitavi,
874 2832 1010 2896 easdem
1033 2844 1071 2913 ut
1092 2831 1228 2915 species,

252 2950 357 3013 novas
380 2932 598 3015 exponendas
624 2957 708 2999 esse.
732 2936 997 3018 Monstrositates
1013 2932 1152 3011 tandem
1170 2954 1226 3017 se3

251 3032 368 3116 paravi
388 3053 408 3095 a
429 3021 657 3101 varietatibus,
680 3041 763 3101 Nam
778 3039 925 3114 uarietas
941 3037 1089 3121 persistit
1112 3037 1148 3098 in
1170 3036 1224 3097 in-

253 3133 403 3209 dividuo,
422 3140 651 3217 monstrositas
670 3141 806 3219 veroin
825 3140 948 3209 eodem
965 3151 1103 3224 apparet
1120 3152 1222 3222 atque

253 3236 409 3321 disparet.
439 3238 535 3300 Forte
561 3238 676 3323 plures
703 3242 904 3307 infuturum
928 3244 1105 3322 varietates
1122 3262 1228 3325 mon-h

232 3337 479 3423 „etrositatibus
502 3340 785 3425 adnumerentur,
814 3367 900 3432 quae
925 3345 1032 3414 veluti
1054 3348 1092 3409 R.
1113 3345 1222 3416 cepti-

1361 3665 1363 3742 i

1362 3749 1363 3790 r

1082 3990 1364 4141 Qu
